@article{Kim_2020,
   author = {Kim, Hoon and Nguyen, Nam-Phuong and Turner, Kristen and Wu, Sihan and Gujar, Amit D. and Luebeck, Jens and Liu, Jihe and Deshpande, Viraj and Rajkumar, Utkrisht and Namburi, Sandeep and Amin, Samirkumar B. and Yi, Eunhee and Menghi, Francesca and Schulte, Johannes H. and Henssen, Anton G. and Chang, Howard Y. and Beck, Christine R. and Mischel, Paul S. and Bafna, Vineet and Verhaak, Roel G. W.},
   title = {Extrachromosomal DNA is associated with oncogene amplification and poor outcome across multiple cancers},
   journal = {Nature Genetics},
   volume = {52},
   number = {9},
   pages = {891-897},
   ISSN = {1546-1718},
   DOI = {10.1038/s41588-020-0678-2},
   url = {https://doi.org/10.1038/s41588-020-0678-2},
   year = {2020},
   type = {Journal Article}
}

@article{luebeck_2022,
   author = {Luebeck, Jens and Tian Ng, Alvin Wei and Galipeau, Patricia C. and Li, Xiaohong and Sanchez, Carissa A. and Katz-Summercorn, Annalise and Kim, Hoon and Jammula, Sriganesh and He, Yudou and Lippman, Scott M. and Verhaak, Roel and Maley, Carlo C. and Alexandrov, Ludmil B. and Reid, Brian J. and Fitzgerald, Rebecca C. and Paulson, Thomas G. and Chang, Howard Y. and Wu, Sihan and Bafna, Vineet and Mischel, Paul S.},
   title = {Extrachromosomal DNA in the cancerous transformation of Barrett’s esophagus},
   journal = {bioRxiv},
   pages = {2022.07.25.501144},
   DOI = {10.1101/2022.07.25.501144},
   url = {http://biorxiv.org/content/early/2022/07/25/2022.07.25.501144.abstract},
   year = {2022},
   type = {Journal Article}
}

@article{shimizu_1998,
   author = {Shimizu, N. and Itoh, N. and Utiyama, H. and Wahl, G. M.},
   title = {Selective entrapment of extrachromosomally amplified DNA by nuclear budding and micronucleation during S phase},
   journal = {J Cell Biol},
   volume = {140},
   number = {6},
   pages = {1307-20},
   ISSN = {0021-9525 (Print)
0021-9525},
   DOI = {10.1083/jcb.140.6.1307},
   year = {1998},
   type = {Journal Article}
}

@article{van_leen_2022,
   author = {van Leen, Eric and Brückner, Lotte and Henssen, Anton G.},
   title = {The genomic and spatial mobility of extrachromosomal DNA and its implications for cancer therapy},
   journal = {Nature Genetics},
   volume = {54},
   number = {2},
   pages = {107-114},
   ISSN = {1546-1718},
   DOI = {10.1038/s41588-021-01000-z},
   url = {https://doi.org/10.1038/s41588-021-01000-z},
   year = {2022},
   type = {Journal Article}
}

@article{shoshani_2020,
   author = {Shoshani, Ofer and Brunner, Simon F. and Yaeger, Rona and Ly, Peter and Nechemia-Arbely, Yael and Kim, Dong Hyun and Fang, Rongxin and Castillon, Guillaume A. and Yu, Miao and Li, Julia S. Z. and Sun, Ying and Ellisman, Mark H. and Ren, Bing and Campbell, Peter J. and Cleveland, Don W.},
   title = {Chromothripsis drives the evolution of gene amplification in cancer},
   journal = {Nature},
   ISSN = {1476-4687},
   DOI = {10.1038/s41586-020-03064-z},
   url = {https://doi.org/10.1038/s41586-020-03064-z},
   year = {2020},
   type = {Journal Article}
}

@article{umbreit_2020,
   author = {Umbreit, Neil T. and Zhang, Cheng-Zhong and Lynch, Luke D. and Blaine, Logan J. and Cheng, Anna M. and Tourdot, Richard and Sun, Lili and Almubarak, Hannah F. and Judge, Kim and Mitchell, Thomas J. and Spektor, Alexander and Pellman, David},
   title = {Mechanisms generating cancer genome complexity from a single cell division error},
   journal = {Science},
   volume = {368},
   number = {6488},
   pages = {eaba0712},
   DOI = {10.1126/science.aba0712},
   url = {http://science.sciencemag.org/content/368/6488/eaba0712.abstract},
   year = {2020},
   type = {Journal Article}
}

@article{crispr-catch,
   author = {Hung, King L. and Luebeck, Jens and Dehkordi, Siavash R. and Colón, Caterina I. and Li, Rui and Wong, Ivy Tsz-Lo and Coruh, Ceyda and Dharanipragada, Prashanthi and Lomeli, Shirley H. and Weiser, Natasha E. and Moriceau, Gatien and Zhang, Xiao and Bailey, Chris and Houlahan, Kathleen E. and Yang, Wenting and González, Rocío Chamorro and Swanton, Charles and Curtis, Christina and Jamal-Hanjani, Mariam and Henssen, Anton G. and Law, Julie A. and Greenleaf, William J. and Lo, Roger S. and Mischel, Paul S. and Bafna, Vineet and Chang, Howard Y.},
   title = {Targeted profiling of human extrachromosomal DNA by CRISPR-CATCH},
   journal = {Nature Genetics},
   ISSN = {1546-1718},
   DOI = {10.1038/s41588-022-01190-0},
   url = {https://doi.org/10.1038/s41588-022-01190-0},
   year = {2022},
   type = {Journal Article}
}

@article{zhukova_2013,
   author = {Zhukova, Nataliya and Ramaswamy, Vijay and Remke, Marc and Pfaff, Elke and Shih, David J. H. and Martin, Dianna C. and Castelo-Branco, Pedro and Baskin, Berivan and Ray, Peter N. and Bouffet, Eric and von Bueren, André O. and Jones, David T. W. and Northcott, Paul A. and Kool, Marcel and Sturm, Dominik and Pugh, Trevor J. and Pomeroy, Scott L. and Cho, Yoon-Jae and Pietsch, Torsten and Gessi, Marco and Rutkowski, Stefan and Bognar, Laszlo and Klekner, Almos and Cho, Byung-Kyu and Kim, Seung-Ki and Wang, Kyu-Chang and Eberhart, Charles G. and Fevre-Montange, Michelle and Fouladi, Maryam and French, Pim J. and Kros, Max and Grajkowska, Wieslawa A. and Gupta, Nalin and Weiss, William A. and Hauser, Peter and Jabado, Nada and Jouvet, Anne and Jung, Shin and Kumabe, Toshihiro and Lach, Boleslaw and Leonard, Jeffrey R. and Rubin, Joshua B. and Liau, Linda M. and Massimi, Luca and Pollack, Ian F. and Shin Ra, Young and Van Meir, Erwin G. and Zitterbart, Karel and Schüller, Ulrich and Hill, Rebecca M. and Lindsey, Janet C. and Schwalbe, Ed C. and Bailey, Simon and Ellison, David W. and Hawkins, Cynthia and Malkin, David and Clifford, Steven C. and Korshunov, Andrey and Pfister, Stefan and Taylor, Michael D. and Tabori, Uri},
   title = {Subgroup-Specific Prognostic Implications of TP53 Mutation in Medulloblastoma},
   journal = {Journal of Clinical Oncology},
   volume = {31},
   number = {23},
   pages = {2927-2935},
   ISSN = {0732-183X},
   DOI = {10.1200/JCO.2012.48.5052},
   url = {https://doi.org/10.1200/JCO.2012.48.5052},
   year = {2013},
   type = {Journal Article}
}

@article{mclendon_2008,
   author = {McLendon, Roger and Friedman, Allan and Bigner, Darrell and Van Meir, Erwin G. and Brat, Daniel J. and M. Mastrogianakis, Gena and Olson, Jeffrey J. and Mikkelsen, Tom and Lehman, Norman and Aldape, Ken and Alfred Yung, W. K. and Bogler, Oliver and VandenBerg, Scott and Berger, Mitchel and Prados, Michael and Muzny, Donna and Morgan, Margaret and Scherer, Steve and Sabo, Aniko and Nazareth, Lynn and Lewis, Lora and Hall, Otis and Zhu, Yiming and Ren, Yanru and Alvi, Omar and Yao, Jiqiang and Hawes, Alicia and Jhangiani, Shalini and Fowler, Gerald and San Lucas, Anthony and Kovar, Christie and Cree, Andrew and Dinh, Huyen and Santibanez, Jireh and Joshi, Vandita and Gonzalez-Garay, Manuel L. and Miller, Christopher A. and Milosavljevic, Aleksandar and Donehower, Larry and Wheeler, David A. and Gibbs, Richard A. and Cibulskis, Kristian and Sougnez, Carrie and Fennell, Tim and Mahan, Scott and Wilkinson, Jane and Ziaugra, Liuda and Onofrio, Robert and Bloom, Toby and Nicol, Rob and Ardlie, Kristin and Baldwin, Jennifer and Gabriel, Stacey and Lander, Eric S. and Ding, Li and Fulton, Robert S. and McLellan, Michael D. and Wallis, John and Larson, David E. and Shi, Xiaoqi and Abbott, Rachel and Fulton, Lucinda and Chen, Ken and Koboldt, Daniel C. and Wendl, Michael C. and Meyer, Rick and Tang, Yuzhu and Lin, Ling and Osborne, John R. and Dunford-Shore, Brian H. and Miner, Tracie L. and Delehaunty, Kim and Markovic, Chris and Swift, Gary and Courtney, William and Pohl, Craig and Abbott, Scott and Hawkins, Amy and Leong, Shin and Haipek, Carrie and Schmidt, Heather and Wiechert, Maddy and Vickery, Tammi and Scott, Sacha and Dooling, David J. and Chinwalla, Asif and Weinstock, George M. and Mardis, Elaine R. and Wilson, Richard K. and Getz, Gad and Winckler, Wendy and Verhaak, Roel G. W. and Lawrence, Michael S. and O’Kelly, Michael and Robinson, Jim and Alexe, Gabriele and Beroukhim, Rameen and Carter, Scott and Chiang, Derek and Gould, Josh and others },
   title = {Comprehensive genomic characterization defines human glioblastoma genes and core pathways},
   journal = {Nature},
   volume = {455},
   number = {7216},
   pages = {1061-1068},
   ISSN = {1476-4687},
   DOI = {10.1038/nature07385},
   url = {https://doi.org/10.1038/nature07385},
   year = {2008},
   type = {Journal Article}
}

@article{Nikolaev_2014,
   author = {Nikolaev, S. and Santoni, F. and Garieri, M. and Makrythanasis, P. and Falconnet, E. and Guipponi, M. and Vannier, A. and Radovanovic, I. and Bena, F. and Forestier, F. and Schaller, K. and Dutoit, V. and Clement-Schatlo, V. and Dietrich, P. Y. and Antonarakis, S. E.},
   title = {Extrachromosomal driver mutations in glioblastoma and low-grade glioma},
   journal = {Nat Commun},
   volume = {5},
   pages = {5690},
   ISSN = {2041-1723},
   DOI = {10.1038/ncomms6690},
   year = {2014},
   type = {Journal Article}
}

@article{Koche_2020,
   author = {Koche, R. P. and Rodriguez-Fos, E. and Helmsauer, K. and Burkert, M. and MacArthur, I. C. and Maag, J. and Chamorro, R. and Munoz-Perez, N. and Puiggròs, M. and Dorado Garcia, H. and Bei, Y. and Röefzaad, C. and Bardinet, V. and Szymansky, A. and Winkler, A. and Thole, T. and Timme, N. and Kasack, K. and Fuchs, S. and Klironomos, F. and Thiessen, N. and Blanc, E. and Schmelz, K. and Künkele, A. and Hundsdörfer, P. and Rosswog, C. and Theissen, J. and Beule, D. and Deubzer, H. and Sauer, S. and Toedling, J. and Fischer, M. and Hertwig, F. and Schwarz, R. F. and Eggert, A. and Torrents, D. and Schulte, J. H. and Henssen, A. G.},
   title = {Extrachromosomal circular DNA drives oncogenic genome remodeling in neuroblastoma},
   journal = {Nat Genet},
   volume = {52},
   number = {1},
   pages = {29-34},
   ISSN = {1061-4036 (Print)
1061-4036},
   DOI = {10.1038/s41588-019-0547-z},
   year = {2020},
   type = {Journal Article}
}

@article{Storlazzi_2006,
   author = {Storlazzi, C. T. and Fioretos, T. and Surace, C. and Lonoce, A. and Mastrorilli, A. and Strömbeck, B. and D'Addabbo, P. and Iacovelli, F. and Minervini, C. and Aventin, A. and Dastugue, N. and Fonatsch, C. and Hagemeijer, A. and Jotterand, M. and Mühlematter, D. and Lafage-Pochitaloff, M. and Nguyen-Khac, F. and Schoch, C. and Slovak, M. L. and Smith, A. and Solè, F. and Van Roy, N. and Johansson, B. and Rocchi, M.},
   title = {MYC-containing double minutes in hematologic malignancies: evidence in favor of the episome model and exclusion of MYC as the target gene},
   journal = {Hum Mol Genet},
   volume = {15},
   number = {6},
   pages = {933-42},
   ISSN = {0964-6906 (Print)
0964-6906},
   DOI = {10.1093/hmg/ddl010},
   year = {2006},
   type = {Journal Article}
}

@article{Vicario_2015,
   author = {Vicario, R. and Peg, V. and Morancho, B. and Zacarias-Fluck, M. and Zhang, J. and Mart\'{i}nez-Barriocanal, \'{A}. and Navarro Jim\'{e}nez, A. and Aura, C. and Burgues, O. and Lluch, A. and Cort\'{e}s, J. and Nuciforo, P. and Rubio, I. T. and Marangoni, E. and Deeds, J. and Boehm, M. and Schlegel, R. and Tabernero, J. and Mosher, R. and Arribas, J.},
   title = {Patterns of HER2 Gene Amplification and Response to Anti-HER2 Therapies},
   journal = {PLoS One},
   volume = {10},
   number = {6},
   pages = {e0129876},
   ISSN = {1932-6203},
   DOI = {10.1371/journal.pone.0129876},
   year = {2015},
   type = {Journal Article}
}

@article{Cox_1966,
   author = {Cox, David and Yuncken, Catherine and Spriggs, ArthurI},
   title = {MINUTE CHROMATIN BODIES IN MALIGNANT TUMOURS OF CHILDHOOD},
   journal = {The Lancet},
   volume = {286},
   number = {7402},
   pages = {55-58},
   ISSN = {0140-6736},
   DOI = {https://doi.org/10.1016/S0140-6736(65)90131-5},
   url = {http://www.sciencedirect.com/science/article/pii/S0140673665901315},
   year = {1965},
   type = {Journal Article}
}

@article{Hallmarks,
   author = {Hanahan, Douglas and Weinberg, Robert A},
   title = {Hallmarks of Cancer: The Next Generation},
   journal = {Cell},
   volume = {144},
   number = {5},
   pages = {646-674},
   ISSN = {0092-8674},
   DOI = {10.1016/j.cell.2011.02.013},
   url = {https://doi.org/10.1016/j.cell.2011.02.013},
   year = {2011},
   type = {Journal Article}
}

@article{Morales_2009,
   author = {Morales, C. and García, M. J. and Ribas, M. and Miró, R. and Muñoz, M. and Caldas, C. and Peinado, M. A.},
   title = {Dihydrofolate reductase amplification and sensitization to methotrexate of methotrexate-resistant colon cancer cells},
   journal = {Mol Cancer Ther},
   volume = {8},
   number = {2},
   pages = {424-32},
   ISSN = {1535-7163 (Print)
1535-7163},
   DOI = {10.1158/1535-7163.Mct-08-0759},
   year = {2009},
   type = {Journal Article}
}

@article{Nathanson_2014,
   author = {Nathanson, David A. and Gini, Beatrice and Mottahedeh, Jack and Visnyei, Koppany and Koga, Tomoyuki and Gomez, German and Eskin, Ascia and Hwang, Kiwook and Wang, Jun and Masui, Kenta and Paucar, Andres and Yang, Huijun and Ohashi, Minori and Zhu, Shaojun and Wykosky, Jill and Reed, Rachel and Nelson, Stanley F. and Cloughesy, Timothy F. and James, C. David and Rao, P. Nagesh and Kornblum, Harley I. and Heath, James R. and Cavenee, Webster K. and Furnari, Frank B. and Mischel, Paul S.},
   title = {Targeted Therapy Resistance Mediated by Dynamic Regulation of Extrachromosomal Mutant EGFR DNA},
   journal = {Science},
   volume = {343},
   number = {6166},
   pages = {72},
   DOI = {10.1126/science.1241328},
   url = {http://science.sciencemag.org/content/343/6166/72.abstract},
   year = {2014},
   type = {Journal Article}
}

@article {Lange_2021,
	author = {Lange, Joshua T. and Chen, Celine Y. and Pichugin, Yuriy and Xie, Liangqi and Tang, Jun and Hung, King L. and Yost, Kathryn E. and Shi, Quanming and Erb, Marcella L. and Rajkumar, Utkrisht and Wu, Sihan and Swanton, Charles and Liu, Zhe and Huang, Weini and Chang, Howard Y. and Bafna, Vineet and Henssen, Anton G. and Werner, Benjamin and Mischel, Paul S.},
	title = {Principles of ecDNA random inheritance drive rapid genome change and therapy resistance in human cancers},
	elocation-id = {2021.06.11.447968},
	year = {2021},
	doi = {10.1101/2021.06.11.447968},
	publisher = {Cold Spring Harbor Laboratory},
	URL = {https://www.biorxiv.org/content/early/2021/06/11/2021.06.11.447968},
	eprint = {https://www.biorxiv.org/content/early/2021/06/11/2021.06.11.447968.full.pdf},
	journal = {bioRxiv}
}

@article{Vasan_2019,
   author = {Vasan, Neil and Baselga, José and Hyman, David M.},
   title = {A view on drug resistance in cancer},
   journal = {Nature},
   volume = {575},
   number = {7782},
   pages = {299-309},
   ISSN = {1476-4687},
   DOI = {10.1038/s41586-019-1730-1},
   url = {https://doi.org/10.1038/s41586-019-1730-1},
   year = {2019},
   type = {Journal Article}
}

@article{Verhaak_2019,
   author = {Verhaak, Roel G. W. and Bafna, Vineet and Mischel, Paul S.},
   title = {Extrachromosomal oncogene amplification in tumour pathogenesis and evolution},
   journal = {Nature reviews. Cancer},
   volume = {19},
   number = {5},
   pages = {283-288},
   ISSN = {1474-1768
1474-175X},
   DOI = {10.1038/s41568-019-0128-6},
   url = {https://pubmed.ncbi.nlm.nih.gov/30872802
https://www.ncbi.nlm.nih.gov/pmc/articles/PMC7168519/},
   year = {2019},
   type = {Journal Article}
}

@article{bafna_2022,
   author = {Bafna, Vineet and Mischel, Paul S.},
   title = {Extrachromosomal DNA in Cancer},
   journal = {Annual Review of Genomics and Human Genetics},
   volume = {23},
   number = {1},
   pages = {29-52},
   ISSN = {1527-8204},
   DOI = {10.1146/annurev-genom-120821-100535},
   url = {https://doi.org/10.1146/annurev-genom-120821-100535},
   year = {2022},
   type = {Journal Article}
}

@article{Gu_2020,
   author = {Gu, Xiang and Yu, Jie and Chai, Peiwei and Ge, Shengfang and Fan, Xianqun},
   title = {Novel insights into extrachromosomal DNA: redefining the onco-drivers of tumor progression},
   journal = {Journal of Experimental \& Clinical Cancer Research},
   volume = {39},
   number = {1},
   pages = {215},
   ISSN = {1756-9966},
   DOI = {10.1186/s13046-020-01726-4},
   url = {https://doi.org/10.1186/s13046-020-01726-4},
   year = {2020},
   type = {Journal Article}
}

@article{yi_2022,
   author = {Yi, Eunhee and Chamorro González, Rocío and Henssen, Anton G. and Verhaak, Roel G. W.},
   title = {Extrachromosomal DNA amplifications in cancer},
   journal = {Nature Reviews Genetics},
   volume = {23},
   number = {12},
   pages = {760-771},
   ISSN = {1471-0064},
   DOI = {10.1038/s41576-022-00521-5},
   url = {https://doi.org/10.1038/s41576-022-00521-5},
   year = {2022},
   type = {Journal Article}
}

@article{xu_2019,
   author = {Xu, Ke and Ding, Liang and Chang, Ti-Cheng and Shao, Ying and Chiang, Jason and Mulder, Heather and Wang, Shuoguo and Shaw, Tim I. and Wen, Ji and Hover, Laura and McLeod, Clay and Wang, Yong-Dong and Easton, John and Rusch, Michael and Dalton, James and Downing, James R. and Ellison, David W. and Zhang, Jinghui and Baker, Suzanne J. and Wu, Gang},
   title = {Structure and evolution of double minutes in diagnosis and relapse brain tumors},
   journal = {Acta Neuropathologica},
   volume = {137},
   number = {1},
   pages = {123-137},
   ISSN = {1432-0533},
   DOI = {10.1007/s00401-018-1912-1},
   url = {https://doi.org/10.1007/s00401-018-1912-1},
   year = {2019},
   type = {Journal Article}
}

@article{decarvalho_2018,
   author = {deCarvalho, A. C. and Kim, H. and Poisson, L. M. and Winn, M. E. and Mueller, C. and Cherba, D. and Koeman, J. and Seth, S. and Protopopov, A. and Felicella, M. and Zheng, S. and Multani, A. and Jiang, Y. and Zhang, J. and Nam, D. H. and Petricoin, E. F. and Chin, L. and Mikkelsen, T. and Verhaak, R. G. W.},
   title = {Discordant inheritance of chromosomal and extrachromosomal DNA elements contributes to dynamic disease evolution in glioblastoma},
   journal = {Nat Genet},
   volume = {50},
   number = {5},
   pages = {708-717},
   ISSN = {1061-4036 (Print)
1061-4036},
   DOI = {10.1038/s41588-018-0105-0},
   year = {2018},
   type = {Journal Article}
}

@article{Turner_2017,
   author = {Turner, Kristen M. and Deshpande, Viraj and Beyter, Doruk and Koga, Tomoyuki and Rusert, Jessica and Lee, Catherine and Li, Bin and Arden, Karen and Ren, Bing and Nathanson, David A. and Kornblum, Harley I. and Taylor, Michael D. and Kaushal, Sharmeela and Cavenee, Webster K. and Wechsler-Reya, Robert and Furnari, Frank B. and Vandenberg, Scott R. and Rao, P. Nagesh and Wahl, Geoffrey M. and Bafna, Vineet and Mischel, Paul S.},
   title = {Extrachromosomal oncogene amplification drives tumour evolution and genetic heterogeneity},
   journal = {Nature},
   volume = {543},
   number = {7643},
   pages = {122-125},
   ISSN = {1476-4687
0028-0836},
   DOI = {10.1038/nature21356},
   url = {https://pubmed.ncbi.nlm.nih.gov/28178237
https://www.ncbi.nlm.nih.gov/pmc/articles/PMC5334176/},
   year = {2017},
   type = {Journal Article}
}

@article{hung_2021,
   author = {Hung, King L. and Yost, Kathryn E. and Xie, Liangqi and Shi, Quanming and Helmsauer, Konstantin and Luebeck, Jens and Schöpflin, Robert and Lange, Joshua T. and Chamorro González, Rocío and Weiser, Natasha E. and Chen, Celine and Valieva, Maria E. and Wong, Ivy Tsz-Lo and Wu, Sihan and Dehkordi, Siavash R. and Duffy, Connor V. and Kraft, Katerina and Tang, Jun and Belk, Julia A. and Rose, John C. and Corces, M. Ryan and Granja, Jeffrey M. and Li, Rui and Rajkumar, Utkrisht and Friedlein, Jordan and Bagchi, Anindya and Satpathy, Ansuman T. and Tjian, Robert and Mundlos, Stefan and Bafna, Vineet and Henssen, Anton G. and Mischel, Paul S. and Liu, Zhe and Chang, Howard Y.},
   title = {ecDNA hubs drive cooperative intermolecular oncogene expression},
   journal = {Nature},
   volume = {600},
   number = {7890},
   pages = {731-736},
   ISSN = {1476-4687},
   DOI = {10.1038/s41586-021-04116-8},
   url = {https://doi.org/10.1038/s41586-021-04116-8},
   year = {2021},
   type = {Journal Article}
}

@article{Zhu_2021,
   author = {Zhu, Y. and Gujar, A. D. and Wong, C. H. and Tjong, H. and Ngan, C. Y. and Gong, L. and Chen, Y. A. and Kim, H. and Liu, J. and Li, M. and Mil-Homens, A. and Maurya, R. and Kuhlberg, C. and Sun, F. and Yi, E. and deCarvalho, A. C. and Ruan, Y. and Verhaak, R. G. W. and Wei, C. L.},
   title = {Oncogenic extrachromosomal DNA functions as mobile enhancers to globally amplify chromosomal transcription},
   journal = {Cancer Cell},
   volume = {39},
   number = {5},
   pages = {694-707.e7},
   ISSN = {1535-6108 (Print)
1535-6108},
   DOI = {10.1016/j.ccell.2021.03.006},
   year = {2021},
   type = {Journal Article}
}

@article{pennacchio_2013,
   author = {Pennacchio, Len A. and Bickmore, Wendy and Dean, Ann and Nobrega, Marcelo A. and Bejerano, Gill},
   title = {Enhancers: five essential questions},
   journal = {Nature Reviews Genetics},
   volume = {14},
   number = {4},
   pages = {288-295},
   ISSN = {1471-0064},
   DOI = {10.1038/nrg3458},
   url = {https://doi.org/10.1038/nrg3458},
   year = {2013},
   type = {Journal Article}
}

@article{neoloopfinder,
   author = {Wang, X. and Xu, J. and Zhang, B. and Hou, Y. and Song, F. and Lyu, H. and Yue, F.},
   title = {Genome-wide detection of enhancer-hijacking events from chromatin interaction data in rearranged genomes},
   journal = {Nat Methods},
   volume = {18},
   number = {6},
   pages = {661-668},
   ISSN = {1548-7091 (Print)
1548-7091},
   DOI = {10.1038/s41592-021-01164-w},
   year = {2021},
   type = {Journal Article}
}

@article{Wu_2019,
   author = {Wu, Sihan and Turner, Kristen M. and Nguyen, Nam and Raviram, Ramya and Erb, Marcella and Santini, Jennifer and Luebeck, Jens and Rajkumar, Utkrisht and Diao, Yarui and Li, Bin and Zhang, Wenjing and Jameson, Nathan and Corces, M. Ryan and Granja, Jeffrey M. and Chen, Xingqi and Coruh, Ceyda and Abnousi, Armen and Houston, Jack and Ye, Zhen and Hu, Rong and Yu, Miao and Kim, Hoon and Law, Julie A. and Verhaak, Roel G. W. and Hu, Ming and Furnari, Frank B. and Chang, Howard Y. and Ren, Bing and Bafna, Vineet and Mischel, Paul S.},
   title = {Circular ecDNA promotes accessible chromatin and high oncogene expression},
   journal = {Nature},
   volume = {575},
   number = {7784},
   pages = {699-703},
   ISSN = {1476-4687
0028-0836},
   DOI = {10.1038/s41586-019-1763-5},
   url = {https://pubmed.ncbi.nlm.nih.gov/31748743
https://www.ncbi.nlm.nih.gov/pmc/articles/PMC7094777/},
   year = {2019},
   type = {Journal Article}
}

@article{Morton_2019,
   author = {Morton, A. R. and Dogan-Artun, N. and Faber, Z. J. and MacLeod, G. and Bartels, C. F. and Piazza, M. S. and Allan, K. C. and Mack, S. C. and Wang, X. and Gimple, R. C. and Wu, Q. and Rubin, B. P. and Shetty, S. and Angers, S. and Dirks, P. B. and Sallari, R. C. and Lupien, M. and Rich, J. N. and Scacheri, P. C.},
   title = {Functional Enhancers Shape Extrachromosomal Oncogene Amplifications},
   journal = {Cell},
   volume = {179},
   number = {6},
   pages = {1330-1341.e13},
   ISSN = {0092-8674 (Print)
0092-8674},
   DOI = {10.1016/j.cell.2019.10.039},
   year = {2019},
   type = {Journal Article}
}

@article{Helmsauer_2020,
   author = {Helmsauer, Konstantin and Valieva, Maria E. and Ali, Salaheddine and Chamorro González, Rocío and Schöpflin, Robert and Röefzaad, Claudia and Bei, Yi and Dorado Garcia, Heathcliff and Rodriguez-Fos, Elias and Puiggròs, Montserrat and Kasack, Katharina and Haase, Kerstin and Keskeny, Csilla and Chen, Celine Y. and Kuschel, Luis P. and Euskirchen, Philipp and Heinrich, Verena and Robson, Michael I. and Rosswog, Carolina and Toedling, Joern and Szymansky, Annabell and Hertwig, Falk and Fischer, Matthias and Torrents, David and Eggert, Angelika and Schulte, Johannes H. and Mundlos, Stefan and Henssen, Anton G. and Koche, Richard P.},
   title = {Enhancer hijacking determines extrachromosomal circular MYCN amplicon architecture in neuroblastoma},
   journal = {Nature Communications},
   volume = {11},
   number = {1},
   pages = {5823},
   ISSN = {2041-1723},
   DOI = {10.1038/s41467-020-19452-y},
   url = {https://doi.org/10.1038/s41467-020-19452-y},
   year = {2020},
   type = {Journal Article}
}

@article{cbtn,
   author = {Lilly, Jena V. and Rokita, Jo Lynne and Mason, Jennifer L. and Patton, Tatiana and Stefankiewiz, Stephanie and Higgins, David and Trooskin, Gerri and Larouci, Carina A. and Arya, Kamnaa and Appert, Elizabeth and Heath, Allison P. and Zhu, Yuankun and Brown, Miguel A. and Zhang, Bo and Farrow, Bailey K. and Robins, Shannon and Morgan, Allison M. and Nguyen, Thinh Q. and Frenkel, Elizabeth and Lehmann, Kaitlin and Drake, Emily and Sullivan, Catherine and Plisiewicz, Alexa and Coleman, Noel and Patterson, Luke and Koptyra, Mateusz and Helili, Zeinab and Van Kuren, Nicholas and Young, Nathan and Kim, Meen Chul and Friedman, Christopher and Lubneuski, Alex and Blackden, Christopher and Williams, Marti and Baubet, Valerie and Tauhid, Lamiya and Galanaugh, Jamie and Boucher, Katie and Ijaz, Heba and Cole, Kristina A. and Choudhari, Namrata and Santi, Mariarita and Moulder, Robert W. and Waller, Jonathan and Rife, Whitney and Diskin, Sharon J. and Mateos, Marion and Parsons, Donald W. and Pollack, Ian F. and Goldman, Stewart and Leary, Sarah and Caporalini, Chiara and Buccoliero, Anna Maria and Scagnet, Mirko and Haussler, David and Hanson, Derek and Firestein, Ron and Cain, Jason and Phillips, Joanna J. and Gupta, Nalin and Mueller, Sabine and Grant, Gerald and Monje-Deisseroth, Michelle and Partap, Sonia and Greenfield, Jeffrey P. and Hashizume, Rintaro and Smith, Amy and Zhu, Shida and Johnston, James M. and Fangusaro, Jason R. and Miller, Matthew and Wood, Matthew D. and Gardner, Sharon and Carter, Claire L. and Prolo, Laura M. and Pisapia, Jared and Pehlivan, Katherine and Franson, Andrea and Niazi, Toba and Rubin, Josh and Abdelbaki, Mohamed and Ziegler, David S. and Lindsay, Holly B. and Stucklin, Ana Guerreiro and Gerber, Nicolas and Vaske, Olena M. and Quinsey, Carolyn and Rood, Brian R. and Nazarian, Javad and Raabe, Eric and Jackson, Eric M. and Stapleton, Stacie and Lober, Robert M. and Kram, David E. and Koschmann, Carl and Storm, Phillip B. and Lulla, Rishi R. and Prados, Michael and Resnick, Adam C. and Waanders, Angela J.},
   title = {The children's brain tumor network (CBTN) - Accelerating research in pediatric central nervous system tumors through collaboration and open science},
   journal = {Neoplasia},
   volume = {35},
   pages = {100846},
   ISSN = {1476-5586},
   DOI = {https://doi.org/10.1016/j.neo.2022.100846},
   url = {https://www.sciencedirect.com/science/article/pii/S1476558622000720},
   year = {2023},
   type = {Journal Article}
}

@article{stjude,
   author = {McLeod, Clay and Gout, Alexander M. and Zhou, Xin and Thrasher, Andrew and Rahbarinia, Delaram and Brady, Samuel Warren and Macias, Michael and Birch, Kirby and Finkelstein, David and Sunny, Jobin and Mudunuri, Rahul and Orr, Brent A. and Treadway, Madison and Davidson, Bob and Ard, Tracy K. and Chiao, Arthur and Swistak, Andrew and Wiggins, Stephanie and Foy, Scott and Wang, Jian and Sioson, Edgar and Wang, Shuoguo and Michael, J. Robert and Liu, Yu and Ma, Xiaotu and Patel, Aman and Edmonson, Michael N. and Wilkinson, Mark R. and Frantz, Andrew M. and Chang, Ti-Cheng and Tian, Liqing and Lei, Shaohua and Islam, S. M. Ashiqul and Meyer, Christopher and Thangaraj, Naina and Tater, Pamella and Kandali, Vijay and Ma, Singer and Nguyen, Tuan and Serang, Omar Abdulgafoor and McGuire, Irina and Robison, Nedra and Gentry, Darrell and Tang, Xing and Palmer, Lance E. and Wu, Gang and Suh, Ed and Tanner, Leigh and McMurry, James and Lear, Matthew and Pappo, Alberto S. and Wang, Zhaoming and Wilson, Carmen L. and Cheng, Yong and Meshinchi, Soheil and Alexandrov, Ludmil B. and Weiss, Mitchell J. and Armstrong, Gregory T. and Robison, Leslie L. and Yasui, Yutaka and Nichols, Kim E. and Ellison, David W. and Bangur, Chaitanya and Mullighan, Charles G. and Baker, Suzanne J. and Dyer, Michael A. and Miller, Geralyn and Newman, Scott and Rusch, Michael and Daly, Richard and Perry, Keith and Downing, James R. and Zhang, Jinghui},
   title = {St. Jude Cloud-a Pediatric Cancer Genomic Data Sharing Ecosystem},
   journal = {Cancer Discovery},
   pages = {CD-20-1230},
   DOI = {10.1158/2159-8290.CD-20-1230},
   url = {http://cancerdiscovery.aacrjournals.org/content/early/2021/01/08/2159-8290.CD-20-1230.abstract},
   year = {2021},
   type = {Journal Article}
}

@article{kidsfirst,
   author = {Heath, Allison P. and Taylor, Deanne M. and Zhu, Yuankun and Raman, Pichai and Lilly, Jena and Storm, Phillip and Waanders, Angela J. and Ferretti, Vincent and Yung, Christina and Mattioni, Michele and Davis-Dusenbery, Brandi and Flamig, Zachary L. and Grossman, Robert and Volchenboum, Samuel L. and Mueller, Sabine and Nazarian, Javad and Vasilevsky, Nicole and Haendel, Melissa A. and Resnick, Adam},
   title = {Abstract 2464: Gabriella Miller Kids First Data Resource Center: Harmonizing clinical and genomic data to support childhood cancer and structural birth defect research},
   journal = {Cancer Research},
   volume = {79},
   number = {13 Supplement},
   pages = {2464},
   DOI = {10.1158/1538-7445.AM2019-2464},
   url = {http://cancerres.aacrjournals.org/content/79/13_Supplement/2464.abstract},
   year = {2019},
   type = {Journal Article}
}

@article{pcawg,
   author = {Campbell, Peter J. and Getz, Gad and Korbel, Jan O. and Stuart, Joshua M. and Jennings, Jennifer L. and Stein, Lincoln D. and Perry, Marc D. and Nahal-Bose, Hardeep K. and Ouellette, B. F. Francis and Li, Constance H. and Rheinbay, Esther and Nielsen, G. Petur and Sgroi, Dennis C. and Wu, Chin-Lee and Faquin, William C. and Deshpande, Vikram and Boutros, Paul C. and Lazar, Alexander J. and Hoadley, Katherine A. and Louis, David N. and Dursi, L. Jonathan and Yung, Christina K. and Bailey, Matthew H. and Saksena, Gordon and Raine, Keiran M. and Buchhalter, Ivo and Kleinheinz, Kortine and Schlesner, Matthias and Zhang, Junjun and Wang, Wenyi and Wheeler, David A. and Ding, Li and Simpson, Jared T. and O’Connor, Brian D. and Yakneen, Sergei and Ellrott, Kyle and Miyoshi, Naoki and Butler, Adam P. and Royo, Romina and Shorser, Solomon I. and Vazquez, Miguel and Rausch, Tobias and Tiao, Grace and Waszak, Sebastian M. and Rodriguez-Martin, Bernardo and Shringarpure, Suyash and Wu, Dai-Ying and Demidov, German M. and Delaneau, Olivier and Hayashi, Shuto and Imoto, Seiya and Habermann, Nina and Segre, Ayellet V. and Garrison, Erik and Cafferkey, Andy and Alvarez, Eva G. and Heredia-Genestar, José María and Muyas, Francesc and Drechsel, Oliver and Bruzos, Alicia L. and Temes, Javier and Zamora, Jorge and Baez-Ortega, Adrian and Kim, Hyung-Lae and Mashl, R. Jay and Ye, Kai and DiBiase, Anthony and Huang, Kuan-lin and Letunic, Ivica and McLellan, Michael D. and Newhouse, Steven J. and Shmaya, Tal and Kumar, Sushant and Wedge, David C. and Wright, Mark H. and Yellapantula, Venkata D. and Gerstein, Mark and Khurana, Ekta and Marques-Bonet, Tomas and Navarro, Arcadi and Bustamante, Carlos D. and Siebert, Reiner and Nakagawa, Hidewaki and Easton, Douglas F. and Ossowski, Stephan and Tubio, Jose M. C. and De La Vega, Francisco M. and Estivill, Xavier and Yuen, Denis and Mihaiescu, George L. and Omberg, Larsson and Ferretti, Vincent and Sabarinathan, Radhakrishnan and Pich, Oriol and Gonzalez-Perez, Abel and Taylor-Weiner, Amaro and Fittall, Matthew W. and Demeulemeester, Jonas and Tarabichi, Maxime and Roberts, Nicola D. and others },
   title = {Pan-cancer analysis of whole genomes},
   journal = {Nature},
   volume = {578},
   number = {7793},
   pages = {82-93},
   ISSN = {1476-4687},
   DOI = {10.1038/s41586-020-1969-6},
   url = {https://doi.org/10.1038/s41586-020-1969-6},
   year = {2020},
   type = {Journal Article}
}

@article{cosmic,
   author = {Sondka, Zbyslaw and Bamford, Sally and Cole, Charlotte G. and Ward, Sari A. and Dunham, Ian and Forbes, Simon A.},
   title = {The COSMIC Cancer Gene Census: describing genetic dysfunction across all human cancers},
   journal = {Nature Reviews Cancer},
   volume = {18},
   number = {11},
   pages = {696-705},
   ISSN = {1474-1768},
   DOI = {10.1038/s41568-018-0060-1},
   url = {https://doi.org/10.1038/s41568-018-0060-1},
   year = {2018},
   type = {Journal Article}
}

@article{AA,
   author = {Deshpande, Viraj and Luebeck, Jens and Nguyen, Nam-Phuong D. and Bakhtiari, Mehrdad and Turner, Kristen M. and Schwab, Richard and Carter, Hannah and Mischel, Paul S. and Bafna, Vineet},
   title = {Exploring the landscape of focal amplifications in cancer using AmpliconArchitect},
   journal = {Nature Communications},
   volume = {10},
   number = {1},
   pages = {392},
   ISSN = {2041-1723},
   DOI = {10.1038/s41467-018-08200-y},
   url = {https://doi.org/10.1038/s41467-018-08200-y},
   year = {2019},
   type = {Journal Article}
}

@article{Herbert_1965,
      author = "Herbert A. Lubs and James H. Salmon",
      title = "The Chromosomal Complement of Human Solid Tumors: II. Karyotypes of Glial Tumors",
      journal = "Journal of Neurosurgery",
      year = "1965",
      publisher = "Journal of Neurosurgery Publishing Group",
      volume = "22",
      number = "2",
      doi = "10.3171/jns.1965.22.2.0160",
      pages=      "160 - 168",
      url = "https://thejns.org/view/journals/j-neurosurg/22/2/article-p160.xml"
}

@article{Salloum_2019,
   author = {Salloum, Ralph and Chen, Yan and Yasui, Yutaka and Packer, Roger and Leisenring, Wendy and Wells, Elizabeth and King, Allison and Howell, Rebecca and Gibson, Todd M. and Krull, Kevin R. and Robison, Leslie L. and Oeffinger, Kevin C. and Fouladi, Maryam and Armstrong, Gregory T.},
   title = {Late Morbidity and Mortality Among Medulloblastoma Survivors Diagnosed Across Three Decades: A Report From the Childhood Cancer Survivor Study},
   journal = {Journal of Clinical Oncology},
   volume = {37},
   number = {9},
   pages = {731-740},
   ISSN = {0732-183X},
   DOI = {10.1200/JCO.18.00969},
   url = {https://doi.org/10.1200/JCO.18.00969},
   year = {2019},
   type = {Journal Article}
}

@article{robinson_2015,
   author = {Robinson, Giles W. and Orr, Brent A. and Wu, Gang and Gururangan, Sridharan and Lin, Tong and Qaddoumi, Ibrahim and Packer, Roger J. and Goldman, Stewart and Prados, Michael D. and Desjardins, Annick and Chintagumpala, Murali and Takebe, Naoko and Kaste, Sue C. and Rusch, Michael and Allen, Sariah J. and Onar-Thomas, Arzu and Stewart, Clinton F. and Fouladi, Maryam and Boyett, James M. and Gilbertson, Richard J. and Curran, Tom and Ellison, David W. and Gajjar, Amar},
   title = {Vismodegib Exerts Targeted Efficacy Against Recurrent Sonic Hedgehog-Subgroup Medulloblastoma: Results From Phase II Pediatric Brain Tumor Consortium Studies PBTC-025B and PBTC-032},
   journal = {Journal of clinical oncology : official journal of the American Society of Clinical Oncology},
   volume = {33},
   number = {24},
   pages = {2646-2654},
   ISSN = {1527-7755
0732-183X},
   DOI = {10.1200/JCO.2014.60.1591},
   url = {https://www.ncbi.nlm.nih.gov/pubmed/26169613
https://www.ncbi.nlm.nih.gov/pmc/articles/PMC4534527/},
   year = {2015},
   type = {Journal Article}
}

@article{lin_2017,
   author = {Lin, C. Y. and Erkek, S. and Tong, Y. and Yin, L. and Federation, A. J. and Zapatka, M. and Haldipur, P. and Kawauchi, D. and Risch, T. and Warnatz, H. J. and Worst, B. C. and Ju, B. and Orr, B. A. and Zeid, R. and Polaski, D. R. and Segura-Wang, M. and Waszak, S. M. and Jones, D. T. and Kool, M. and Hovestadt, V. and Buchhalter, I. and Sieber, L. and Johann, P. and Chavez, L. and Groschel, S. and Ryzhova, M. and Korshunov, A. and Chen, W. and Chizhikov, V. V. and Millen, K. J. and Amstislavskiy, V. and Lehrach, H. and Yaspo, M. L. and Eils, R. and Lichter, P. and Korbel, J. O. and Pfister, S. M. and Bradner, J. E. and Northcott, P. A.},
   title = {Active medulloblastoma enhancers reveal subgroup-specific cellular origins},
   journal = {Nature},
   volume = {530},
   number = {7588},
   pages = {57-62},
   ISSN = {0028-0836},
   DOI = {10.1038/nature16546},
   year = {2016},
   type = {Journal Article}
}

@article{wortham_2014,
   author = {Wortham, M. and Guo, C. and Zhang, M. and Song, L. and Lee, B. K. and Iyer, V. R. and Furey, T. S. and Crawford, G. E. and Yan, H. and He, Y.},
   title = {Chromatin accessibility mapping identifies mediators of basal transcription and retinoid-induced repression of OTX2 in medulloblastoma},
   journal = {PLoS One},
   volume = {9},
   number = {9},
   pages = {e107156},
   ISSN = {1932-6203},
   DOI = {10.1371/journal.pone.0107156},
   year = {2014},
   type = {Journal Article}
}

@article{Northcott_2017,
   author = {Northcott, P. A. and Buchhalter, I. and Morrissy, A. S. and Hovestadt, V. and Weischenfeldt, J. and Ehrenberger, T. and Grobner, S. and Segura-Wang, M. and Zichner, T. and Rudneva, V. A. and Warnatz, H. J. and Sidiropoulos, N. and Phillips, A. H. and Schumacher, S. and Kleinheinz, K. and Waszak, S. M. and Erkek, S. and Jones, D. T. W. and Worst, B. C. and Kool, M. and Zapatka, M. and Jager, N. and Chavez, L. and Hutter, B. and Bieg, M. and Paramasivam, N. and Heinold, M. and Gu, Z. and Ishaque, N. and Jager-Schmidt, C. and Imbusch, C. D. and Jugold, A. and Hubschmann, D. and Risch, T. and Amstislavskiy, V. and Gonzalez, F. G. R. and Weber, U. D. and Wolf, S. and Robinson, G. W. and Zhou, X. and Wu, G. and Finkelstein, D. and Liu, Y. and Cavalli, F. M. G. and Luu, B. and Ramaswamy, V. and Wu, X. and Koster, J. and Ryzhova, M. and Cho, Y. J. and Pomeroy, S. L. and Herold-Mende, C. and Schuhmann, M. and Ebinger, M. and Liau, L. M. and Mora, J. and McLendon, R. E. and Jabado, N. and Kumabe, T. and Chuah, E. and Ma, Y. and Moore, R. A. and Mungall, A. J. and Mungall, K. L. and Thiessen, N. and Tse, K. and Wong, T. and Jones, S. J. M. and Witt, O. and Milde, T. and Von Deimling, A. and Capper, D. and Korshunov, A. and Yaspo, M. L. and Kriwacki, R. and Gajjar, A. and Zhang, J. and Beroukhim, R. and Fraenkel, E. and Korbel, J. O. and Brors, B. and Schlesner, M. and Eils, R. and Marra, M. A. and Pfister, S. M. and Taylor, M. D. and Lichter, P.},
   title = {The whole-genome landscape of medulloblastoma subtypes},
   journal = {Nature},
   volume = {547},
   number = {7663},
   pages = {311-317},
   ISSN = {0028-0836},
   DOI = {10.1038/nature22973},
   year = {2017},
   type = {Journal Article}
}

@article{li-fraumeni_1988,
   author = {Li, F. P. and Fraumeni, J. F., Jr. and Mulvihill, J. J. and Blattner, W. A. and Dreyfus, M. G. and Tucker, M. A. and Miller, R. W.},
   title = {A cancer family syndrome in twenty-four kindreds},
   journal = {Cancer Res},
   volume = {48},
   number = {18},
   pages = {5358-62},
   ISSN = {0008-5472 (Print)
0008-5472},
   year = {1988},
   type = {Journal Article}
}

@article{Ramaswamy_2016,
   author = {Ramaswamy, Vijay and Remke, Marc and Bouffet, Eric and Bailey, Simon and Clifford, Steven C. and Doz, Francois and Kool, Marcel and Dufour, Christelle and Vassal, Gilles and Milde, Till and Witt, Olaf and von Hoff, Katja and Pietsch, Torsten and Northcott, Paul A. and Gajjar, Amar and Robinson, Giles W. and Padovani, Laetitia and André, Nicolas and Massimino, Maura and Pizer, Barry and Packer, Roger and Rutkowski, Stefan and Pfister, Stefan M. and Taylor, Michael D. and Pomeroy, Scott L.},
   title = {Risk stratification of childhood medulloblastoma in the molecular era: the current consensus},
   journal = {Acta Neuropathologica},
   volume = {131},
   number = {6},
   pages = {821-831},
   ISSN = {1432-0533},
   DOI = {10.1007/s00401-016-1569-6},
   url = {https://doi.org/10.1007/s00401-016-1569-6},
   year = {2016},
   type = {Journal Article}
}

@article{Ryan_2012,
   author = {Ryan, Sarra L. and Schwalbe, Ed C. and Cole, Michael and Lu, Yuan and Lusher, Meryl E. and Megahed, Hisham and O’Toole, Kieran and Nicholson, Sarah Leigh and Bognar, Laszlo and Garami, Miklos and Hauser, Peter and Korshunov, Andrey and Pfister, Stefan M. and Williamson, Daniel and Taylor, Roger E. and Ellison, David W. and Bailey, Simon and Clifford, Steven C.},
   title = {MYC family amplification and clinical risk-factors interact to predict an extremely poor prognosis in childhood medulloblastoma},
   journal = {Acta Neuropathologica},
   volume = {123},
   number = {4},
   pages = {501-513},
   ISSN = {1432-0533},
   DOI = {10.1007/s00401-011-0923-y},
   url = {https://doi.org/10.1007/s00401-011-0923-y},
   year = {2012},
   type = {Journal Article}
}

@article{Rausch_2012,
   author = {Rausch, Tobias and Jones, David T W. and Zapatka, Marc and Stütz, Adrian M and Zichner, Thomas and Weischenfeldt, Joachim and Jäger, Natalie and Remke, Marc and Shih, David and Northcott, Paul A and Pfaff, Elke and Tica, Jelena and Wang, Qi and Massimi, Luca and Witt, Hendrik and Bender, Sebastian and Pleier, Sabrina and Cin, Huriye and Hawkins, Cynthia and Beck, Christian and von Deimling, Andreas and Hans, Volkmar and Brors, Benedikt and Eils, Roland and Scheurlen, Wolfram and Blake, Jonathon and Benes, Vladimir and Kulozik, Andreas E and Witt, Olaf and Martin, Dianna and Zhang, Cindy and Porat, Rinnat and Merino, Diana M. and Wasserman, Jonathan and Jabado, Nada and Fontebasso, Adam and Bullinger, Lars and Rücker, Frank G. and Döhner, Konstanze and Döhner, Hartmut and Koster, Jan and Molenaar, Jan J and Versteeg, Rogier and Kool, Marcel and Tabori, Uri and Malkin, David and Korshunov, Andrey and Taylor, Michael D and Lichter, Peter and Pfister, Stefan M and Korbel, Jan O},
   title = {Genome Sequencing of Pediatric Medulloblastoma Links Catastrophic DNA Rearrangements with TP53 Mutations},
   journal = {Cell},
   volume = {148},
   number = {1},
   pages = {59-71},
   ISSN = {0092-8674},
   DOI = {https://doi.org/10.1016/j.cell.2011.12.013},
   url = {https://www.sciencedirect.com/science/article/pii/S0092867411015169},
   year = {2012},
   type = {Journal Article}
}

@article{Juraschka_2019,
   author = {Juraschka, Kyle and Taylor, Michael D. },
   title = {Medulloblastoma in the age of molecular subgroups: a review},
   journal = {Journal of Neurosurgery: Pediatrics PED},
   volume = {24},
   number = {4},
   pages = {353-363},
   DOI = {10.3171/2019.5.PEDS18381},
   url = {https://thejns.org/pediatrics/view/journals/j-neurosurg-pediatr/24/4/article-p353.xml},
   year = {2019},
   type = {Journal Article}
}

@article{bellutti_2018,
   author = {Bellutti, Florian and Tigan, Anca-Sarmiza and Nebenfuehr, Sofie and Dolezal, Marlies and Zojer, Markus and Grausenburger, Reinhard and Hartenberger, Svenja and Kollmann, Sebastian and Doma, Eszter and Prchal-Murphy, Michaela and Uras, Iris Z. and Höllein, Alexander and Neuberg, Donna S. and Ebert, Benjamin L. and Ringler, Anna and Mueller, Andre C. and Loizou, Joanna I. and Hinds, Philip W. and Vogl, Claus and Heller, Gerwin and Kubicek, Stefan and Zuber, Johannes and Malumbres, Marcos and Farlik, Matthias and Villunger, Andreas and Kollmann, Karoline and Sexl, Veronika},
   title = {CDK6 Antagonizes p53-Induced Responses during Tumorigenesis},
   journal = {Cancer Discovery},
   volume = {8},
   number = {7},
   pages = {884},
   DOI = {10.1158/2159-8290.CD-17-0912},
   url = {http://cancerdiscovery.aacrjournals.org/content/8/7/884.abstract},
   year = {2018},
   type = {Journal Article}
}

@article{morabito_2019,
   author = {Morabito, Morgane and Larcher, Magalie and Cavalli, Florence M. G. and Foray, Chloé and Forget, Antoine and Mirabal-Ortega, Liliana and Andrianteranagna, Mamy and Druillennec, Sabine and Garancher, Alexandra and Masliah-Planchon, Julien and Leboucher, Sophie and Debalkew, Abel and Raso, Alessandro and Delattre, Olivier and Puget, Stéphanie and Doz, François and Taylor, Michael D. and Ayrault, Olivier and Bourdeaut, Franck and Eychène, Alain and Pouponnot, Celio},
   title = {An autocrine ActivinB mechanism drives TGF$\beta$/Activin signaling in Group 3 medulloblastoma},
   journal = {EMBO Molecular Medicine},
   volume = {11},
   number = {8},
   pages = {e9830},
   ISSN = {1757-4676},
   DOI = {https://doi.org/10.15252/emmm.201809830},
   url = {https://doi.org/10.15252/emmm.201809830},
   year = {2019},
   type = {Journal Article}
}

@article{Wen_2016,
   author = {Wen, J. and Lee, J. and Malhotra, A. and Nahta, R. and Arnold, A. R. and Buss, M. C. and Brown, B. D. and Maier, C. and Kenney, A. M. and Remke, M. and Ramaswamy, V. and Taylor, M. D. and Castellino, R. C.},
   title = {WIP1 modulates responsiveness to Sonic Hedgehog signaling in neuronal precursor cells and medulloblastoma},
   journal = {Oncogene},
   volume = {35},
   number = {42},
   pages = {5552-5564},
   ISSN = {1476-5594
0950-9232},
   DOI = {10.1038/onc.2016.96},
   url = {https://pubmed.ncbi.nlm.nih.gov/27086929
https://www.ncbi.nlm.nih.gov/pmc/articles/PMC5069081/},
   year = {2016},
   type = {Journal Article}
}

@article{lu_2008,
   author = {Lu, X. and Nguyen, T. A. and Moon, S. H. and Darlington, Y. and Sommer, M. and Donehower, L. A.},
   title = {The type 2C phosphatase Wip1: an oncogenic regulator of tumor suppressor and DNA damage response pathways},
   journal = {Cancer Metastasis Rev},
   volume = {27},
   number = {2},
   pages = {123-35},
   ISSN = {0167-7659 (Print)
0167-7659},
   DOI = {10.1007/s10555-008-9127-x},
   year = {2008},
   type = {Journal Article}
}

@article{garancher_2018,
   author = {Garancher, A. and Lin, C. Y. and Morabito, M. and Richer, W. and Rocques, N. and Larcher, M. and Bihannic, L. and Smith, K. and Miquel, C. and Leboucher, S. and Herath, N. I. and Dupuy, F. and Varlet, P. and Haberler, C. and Walczak, C. and El Tayara, N. and Volk, A. and Puget, S. and Doz, F. and Delattre, O. and Druillennec, S. and Ayrault, O. and Wechsler-Reya, R. J. and Eychène, A. and Bourdeaut, F. and Northcott, P. A. and Pouponnot, C.},
   title = {NRL and CRX Define Photoreceptor Identity and Reveal Subgroup-Specific Dependencies in Medulloblastoma},
   journal = {Cancer Cell},
   volume = {33},
   number = {3},
   pages = {435-449.e6},
   ISSN = {1535-6108 (Print)
1535-6108},
   DOI = {10.1016/j.ccell.2018.02.006},
   year = {2018},
   type = {Journal Article}
}

@article{rusert_2020,
   author = {Rusert, J. M. and Juarez, E. F. and Brabetz, S. and Jensen, J. and Garancher, A. and Chau, L. Q. and Tacheva-Grigorova, S. K. and Wahab, S. and Udaka, Y. T. and Finlay, D. and Seker-Cin, H. and Reardon, B. and Gröbner, S. and Serrano, J. and Ecker, J. and Qi, L. and Kogiso, M. and Du, Y. and Baxter, P. A. and Henderson, J. J. and Berens, M. E. and Vuori, K. and Milde, T. and Cho, Y. J. and Li, X. N. and Olson, J. M. and Reyes, I. and Snuderl, M. and Wong, T. C. and Dimmock, D. P. and Nahas, S. A. and Malicki, D. and Crawford, J. R. and Levy, M. L. and Van Allen, E. M. and Pfister, S. M. and Tamayo, P. and Kool, M. and Mesirov, J. P. and Wechsler-Reya, R. J.},
   title = {Functional Precision Medicine Identifies New Therapeutic Candidates for Medulloblastoma},
   journal = {Cancer Res},
   volume = {80},
   number = {23},
   pages = {5393-5407},
   ISSN = {0008-5472 (Print)
0008-5472},
   DOI = {10.1158/0008-5472.Can-20-1655},
   year = {2020},
   type = {Journal Article}
}

@article{gendoo_2016,
   author = {Gendoo, Deena M. A. and Haibe-Kains, Benjamin},
   title = {MM2S: personalized diagnosis of medulloblastoma patients and model systems},
   journal = {Source Code for Biology and Medicine},
   volume = {11},
   number = {1},
   pages = {6},
   ISSN = {1751-0473},
   DOI = {10.1186/s13029-016-0053-y},
   url = {https://doi.org/10.1186/s13029-016-0053-y},
   year = {2016},
   type = {Journal Article}
}

@article{archer_2017,
   author = {Archer, T. C. and Ehrenberger, T. and Mundt, F. and Gold, M. P. and Krug, K. and Mah, C. K. and Mahoney, E. L. and Daniel, C. J. and LeNail, A. and Ramamoorthy, D. and Mertins, P. and Mani, D. R. and Zhang, H. and Gillette, M. A. and Clauser, K. and Noble, M. and Tang, L. C. and Pierre-Francois, J. and Silterra, J. and Jensen, J. and Tamayo, P. and Korshunov, A. and Pfister, S. M. and Kool, M. and Northcott, P. A. and Sears, R. C. and Lipton, J. O. and Carr, S. A. and Mesirov, J. P. and Pomeroy, S. L. and Fraenkel, E.},
   title = {Proteomics, Post-translational Modifications, and Integrative Analyses Reveal Molecular Heterogeneity within Medulloblastoma Subgroups},
   journal = {Cancer Cell},
   volume = {34},
   number = {3},
   pages = {396-410.e8},
   ISSN = {1535-6108},
   DOI = {10.1016/j.ccell.2018.08.004},
   year = {2018},
   type = {Journal Article}
}

@article{waszak_2018,
   author = {Waszak, Sebastian M. and Northcott, Paul A. and Buchhalter, Ivo and Robinson, Giles W. and Sutter, Christian and Groebner, Susanne and Grund, Kerstin B. and Brugières, Laurence and Jones, David T. W. and Pajtler, Kristian W. and Morrissy, A. Sorana and Kool, Marcel and Sturm, Dominik and Chavez, Lukas and Ernst, Aurelie and Brabetz, Sebastian and Hain, Michael and Zichner, Thomas and Segura-Wang, Maia and Weischenfeldt, Joachim and Rausch, Tobias and Mardin, Balca R. and Zhou, Xin and Baciu, Cristina and Lawerenz, Christian and Chan, Jennifer A. and Varlet, Pascale and Guerrini-Rousseau, Lea and Fults, Daniel W. and Grajkowska, Wiesława and Hauser, Peter and Jabado, Nada and Ra, Young-Shin and Zitterbart, Karel and Shringarpure, Suyash S. and De La Vega, Francisco M. and Bustamante, Carlos D. and Ng, Ho-Keung and Perry, Arie and MacDonald, Tobey J. and Hernáiz Driever, Pablo and Bendel, Anne E. and Bowers, Daniel C. and McCowage, Geoffrey and Chintagumpala, Murali M. and Cohn, Richard and Hassall, Timothy and Fleischhack, Gudrun and Eggen, Tone and Wesenberg, Finn and Feychting, Maria and Lannering, Birgitta and Schüz, Joachim and Johansen, Christoffer and Andersen, Tina V. and Röösli, Martin and Kuehni, Claudia E. and Grotzer, Michael and Kjaerheim, Kristina and Monoranu, Camelia M. and Archer, Tenley C. and Duke, Elizabeth and Pomeroy, Scott L. and Shelagh, Redmond and Frank, Stephan and Sumerauer, David and Scheurlen, Wolfram and Ryzhova, Marina V. and Milde, Till and Kratz, Christian P. and Samuel, David and Zhang, Jinghui and Solomon, David A. and Marra, Marco and Eils, Roland and Bartram, Claus R. and von Hoff, Katja and Rutkowski, Stefan and Ramaswamy, Vijay and Gilbertson, Richard J. and Korshunov, Andrey and Taylor, Michael D. and Lichter, Peter and Malkin, David and Gajjar, Amar and Korbel, Jan O. and Pfister, Stefan M.},
   title = {Spectrum and prevalence of genetic predisposition in medulloblastoma: a retrospective genetic study and prospective validation in a clinical trial cohort},
   journal = {The Lancet. Oncology},
   volume = {19},
   number = {6},
   pages = {785-798},
   ISSN = {1474-5488
1470-2045},
   DOI = {10.1016/S1470-2045(18)30242-0},
   url = {https://pubmed.ncbi.nlm.nih.gov/29753700
https://www.ncbi.nlm.nih.gov/pmc/articles/PMC5984248/},
   year = {2018},
   type = {Journal Article}
}

@article{ivanov_2016,
   author = {Ivanov, Delyan P. and Coyle, Beth and Walker, David A. and Grabowska, Anna M.},
   title = {In vitro models of medulloblastoma: Choosing the right tool for the job},
   journal = {Journal of Biotechnology},
   volume = {236},
   pages = {10-25},
   ISSN = {0168-1656},
   DOI = {https://doi.org/10.1016/j.jbiotec.2016.07.028},
   url = {https://www.sciencedirect.com/science/article/pii/S0168165616314389},
   year = {2016},
   type = {Journal Article}
}

@article{robinson_2012,
   author = {Robinson, Giles and Parker, Matthew and Kranenburg, Tanya A. and Lu, Charles and Chen, Xiang and Ding, Li and Phoenix, Timothy N. and Hedlund, Erin and Wei, Lei and Zhu, Xiaoyan and Chalhoub, Nader and Baker, Suzanne J. and Huether, Robert and Kriwacki, Richard and Curley, Natasha and Thiruvenkatam, Radhika and Wang, Jianmin and Wu, Gang and Rusch, Michael and Hong, Xin and Becksfort, Jared and Gupta, Pankaj and Ma, Jing and Easton, John and Vadodaria, Bhavin and Onar-Thomas, Arzu and Lin, Tong and Li, Shaoyi and Pounds, Stanley and Paugh, Steven and Zhao, David and Kawauchi, Daisuke and Roussel, Martine F. and Finkelstein, David and Ellison, David W. and Lau, Ching C. and Bouffet, Eric and Hassall, Tim and Gururangan, Sridharan and Cohn, Richard and Fulton, Robert S. and Fulton, Lucinda L. and Dooling, David J. and Ochoa, Kerri and Gajjar, Amar and Mardis, Elaine R. and Wilson, Richard K. and Downing, James R. and Zhang, Jinghui and Gilbertson, Richard J.},
   title = {Novel mutations target distinct subgroups of medulloblastoma},
   journal = {Nature},
   volume = {488},
   number = {7409},
   pages = {43-48},
   ISSN = {1476-4687},
   DOI = {10.1038/nature11213},
   url = {https://doi.org/10.1038/nature11213},
   year = {2012},
   type = {Journal Article}
}

@article{northcott_2012,
   author = {Northcott, Paul A. and Shih, David J. H. and Peacock, John and Garzia, Livia and Sorana Morrissy, A. and Zichner, Thomas and Stütz, Adrian M. and Korshunov, Andrey and Reimand, Jüri and Schumacher, Steven E. and Beroukhim, Rameen and Ellison, David W. and Marshall, Christian R. and Lionel, Anath C. and Mack, Stephen and Dubuc, Adrian and Yao, Yuan and Ramaswamy, Vijay and Luu, Betty and Rolider, Adi and Cavalli, Florence M. G. and Wang, Xin and Remke, Marc and Wu, Xiaochong and Chiu, Readman Y. B. and Chu, Andy and Chuah, Eric and Corbett, Richard D. and Hoad, Gemma R. and Jackman, Shaun D. and Li, Yisu and Lo, Allan and Mungall, Karen L. and Ming Nip, Ka and Qian, Jenny Q. and Raymond, Anthony G. J. and Thiessen, Nina and Varhol, Richard J. and Birol, Inanc and Moore, Richard A. and Mungall, Andrew J. and Holt, Robert and Kawauchi, Daisuke and Roussel, Martine F. and Kool, Marcel and Jones, David T. W. and Witt, Hendrick and Fernandez-L, Africa and Kenney, Anna M. and Wechsler-Reya, Robert J. and Dirks, Peter and Aviv, Tzvi and Grajkowska, Wieslawa A. and Perek-Polnik, Marta and Haberler, Christine C. and Delattre, Olivier and Reynaud, Stéphanie S. and Doz, François F. and Pernet-Fattet, Sarah S. and Cho, Byung-Kyu and Kim, Seung-Ki and Wang, Kyu-Chang and Scheurlen, Wolfram and Eberhart, Charles G. and Fèvre-Montange, Michelle and Jouvet, Anne and Pollack, Ian F. and Fan, Xing and Muraszko, Karin M. and Yancey Gillespie, G. and Di Rocco, Concezio and Massimi, Luca and Michiels, Erna M. C. and Kloosterhof, Nanne K. and French, Pim J. and Kros, Johan M. and Olson, James M. and Ellenbogen, Richard G. and Zitterbart, Karel and Kren, Leos and Thompson, Reid C. and Cooper, Michael K. and Lach, Boleslaw and McLendon, Roger E. and Bigner, Darell D. and Fontebasso, Adam and Albrecht, Steffen and Jabado, Nada and Lindsey, Janet C. and Bailey, Simon and Gupta, Nalin and Weiss, William A. and Bognár, László and Klekner, Almos and Van Meter, Timothy E. and Kumabe, Toshihiro and Tominaga, Teiji and Elbabaa, Samer K. and Leonard, Jeffrey R. and Rubin, Joshua B. and others },
   title = {Subgroup-specific structural variation across 1,000 medulloblastoma genomes},
   journal = {Nature},
   volume = {488},
   number = {7409},
   pages = {49-56},
   ISSN = {1476-4687},
   DOI = {10.1038/nature11327},
   url = {https://doi.org/10.1038/nature11327},
   year = {2012},
   type = {Journal Article}
}

@article{northcott_2014,
   author = {Northcott, Paul A. and Lee, Catherine and Zichner, Thomas and St\"{u}tz, Adrian M. and Erkek, Serap and Kawauchi, Daisuke and Shih, David J. H. and Hovestadt, Volker and Zapatka, Marc and Sturm, Dominik and Jones, David T. W. and Kool, Marcel and Remke, Marc and Cavalli, Florence M. G. and Zuyderduyn, Scott and Bader, Gary D. and VandenBerg, Scott and Esparza, Lourdes Adriana and Ryzhova, Marina and Wang, Wei and Wittmann, Andrea and Stark, Sebastian and Sieber, Laura and Seker-Cin, Huriye and Linke, Linda and Kratochwil, Fabian and Jäger, Natalie and Buchhalter, Ivo and Imbusch, Charles D. and Zipprich, Gideon and Raeder, Benjamin and Schmidt, Sabine and Diessl, Nicolle and Wolf, Stephan and Wiemann, Stefan and Brors, Benedikt and Lawerenz, Chris and Eils, J\"{u}rgen and Warnatz, Hans-J\"{o}rg and Risch, Thomas and Yaspo, Marie-Laure and Weber, Ursula D. and Bartholomae, Cynthia C. and von Kalle, Christof and Tur\'{a}nyi, Eszter and Hauser, Peter and Sanden, Emma and Darabi, Anna and Siesj\"{o}, Peter and Sterba, Jaroslav and Zitterbart, Karel and Sumerauer, David and van Sluis, Peter and Versteeg, Rogier and Volckmann, Richard and Koster, Jan and Schuhmann, Martin U. and Ebinger, Martin and Grimes, H. Leighton and Robinson, Giles W. and Gajjar, Amar and Mynarek, Martin and von Hoff, Katja and Rutkowski, Stefan and Pietsch, Torsten and Scheurlen, Wolfram and Felsberg, Jörg and Reifenberger, Guido and Kulozik, Andreas E. and von Deimling, Andreas and Witt, Olaf and Eils, Roland and Gilbertson, Richard J. and Korshunov, Andrey and Taylor, Michael D. and Lichter, Peter and Korbel, Jan O. and Wechsler-Reya, Robert J. and Pfister, Stefan M.},
   title = {Enhancer hijacking activates GFI1 family oncogenes in medulloblastoma},
   journal = {Nature},
   volume = {511},
   number = {7510},
   pages = {428-434},
   ISSN = {1476-4687},
   DOI = {10.1038/nature13379},
   url = {https://doi.org/10.1038/nature13379},
   year = {2014},
   type = {Journal Article}
}

@article{toledo_2007,
   author = {Toledo, Franck and Wahl, Geoffrey M.},
   title = {MDM2 and MDM4: p53 regulators as targets in anticancer therapy},
   journal = {The international journal of biochemistry \& cell biology},
   volume = {39},
   number = {7-8},
   pages = {1476-1482},
   ISSN = {1357-2725},
   DOI = {10.1016/j.biocel.2007.03.022},
   url = {https://pubmed.ncbi.nlm.nih.gov/17499002
https://www.ncbi.nlm.nih.gov/pmc/articles/PMC2043116/},
   year = {2007},
   type = {Journal Article}
}

@article{1000_genomes,
   author = {Fairley, Susan and Lowy-Gallego, Ernesto and Perry, Emily and Flicek, Paul},
   title = {The International Genome Sample Resource (IGSR) collection of open human genomic variation resources},
   journal = {Nucleic Acids Research},
   volume = {48},
   number = {D1},
   pages = {D941-D947},
   ISSN = {0305-1048},
   DOI = {10.1093/nar/gkz836},
   url = {https://doi.org/10.1093/nar/gkz836},
   year = {2020},
   type = {Journal Article}
}

@article{depmap,
   author = {Tsherniak, A. and Vazquez, F. and Montgomery, P. G. and Weir, B. A. and Kryukov, G. and Cowley, G. S. and Gill, S. and Harrington, W. F. and Pantel, S. and Krill-Burger, J. M. and Meyers, R. M. and Ali, L. and Goodale, A. and Lee, Y. and Jiang, G. and Hsiao, J. and Gerath, W. F. J. and Howell, S. and Merkel, E. and Ghandi, M. and Garraway, L. A. and Root, D. E. and Golub, T. R. and Boehm, J. S. and Hahn, W. C.},
   title = {Defining a Cancer Dependency Map},
   journal = {Cell},
   volume = {170},
   number = {3},
   pages = {564-576.e16},
   ISSN = {0092-8674 (Print)
0092-8674},
   DOI = {10.1016/j.cell.2017.06.010},
   year = {2017},
   type = {Journal Article}
}

@article{encode,
   author = {Moore, Jill E. and Purcaro, Michael J. and Pratt, Henry E. and Epstein, Charles B. and Shoresh, Noam and Adrian, Jessika and Kawli, Trupti and Davis, Carrie A. and Dobin, Alexander and Kaul, Rajinder and Halow, Jessica and Van Nostrand, Eric L. and Freese, Peter and Gorkin, David U. and Shen, Yin and He, Yupeng and Mackiewicz, Mark and Pauli-Behn, Florencia and Williams, Brian A. and Mortazavi, Ali and Keller, Cheryl A. and Zhang, Xiao-Ou and Elhajjajy, Shaimae I. and Huey, Jack and Dickel, Diane E. and Snetkova, Valentina and Wei, Xintao and Wang, Xiaofeng and Rivera-Mulia, Juan Carlos and Rozowsky, Joel and Zhang, Jing and Chhetri, Surya B. and Zhang, Jialing and Victorsen, Alec and White, Kevin P. and Visel, Axel and Yeo, Gene W. and Burge, Christopher B. and Lécuyer, Eric and Gilbert, David M. and Dekker, Job and Rinn, John and Mendenhall, Eric M. and Ecker, Joseph R. and Kellis, Manolis and Klein, Robert J. and Noble, William S. and Kundaje, Anshul and Guigó, Roderic and Farnham, Peggy J. and Cherry, J. Michael and Myers, Richard M. and Ren, Bing and Graveley, Brenton R. and Gerstein, Mark B. and Pennacchio, Len A. and Snyder, Michael P. and Bernstein, Bradley E. and Wold, Barbara and Hardison, Ross C. and Gingeras, Thomas R. and Stamatoyannopoulos, John A. and Weng, Zhiping and The, Encode Project Consortium},
   title = {Expanded encyclopaedias of DNA elements in the human and mouse genomes},
   journal = {Nature},
   volume = {583},
   number = {7818},
   pages = {699-710},
   ISSN = {1476-4687},
   DOI = {10.1038/s41586-020-2493-4},
   url = {https://doi.org/10.1038/s41586-020-2493-4},
   year = {2020},
   type = {Journal Article}
}

@article{scRNA+ATAC_protocol,
   title = {Nuclei isolation from complex tissues for single cell multiome ATAC + gene expression sequencing},
   journal = {10X Genomics},
   number = {CG000375 Rev. B},
   year = {2021},
   type = {Journal Article}
}

@article{bedtools,
   author = {Quinlan, Aaron R. and Hall, Ira M.},
   title = {BEDTools: a flexible suite of utilities for comparing genomic features},
   journal = {Bioinformatics},
   volume = {26},
   number = {6},
   pages = {841-842},
   ISSN = {1367-4803},
   DOI = {10.1093/bioinformatics/btq033},
   url = {https://doi.org/10.1093/bioinformatics/btq033},
   year = {2010},
   type = {Journal Article}
}

@article{ucsctools,
   author = {Kent, W. J. and Zweig, A. S. and Barber, G. and Hinrichs, A. S. and Karolchik, D.},
   title = {BigWig and BigBed: enabling browsing of large distributed datasets},
   journal = {Bioinformatics (Oxford, England)},
   volume = {26},
   number = {17},
   pages = {2204-2207},
   ISSN = {1367-4811
1367-4803},
   DOI = {10.1093/bioinformatics/btq351},
   url = {https://pubmed.ncbi.nlm.nih.gov/20639541
https://www.ncbi.nlm.nih.gov/pmc/articles/PMC2922891/},
   year = {2010},
   type = {Journal Article}
}

@article{deeptools,
   author = {Ramírez, F. and Ryan, D. P. and Grüning, B. and Bhardwaj, V. and Kilpert, F. and Richter, A. S. and Heyne, S. and Dündar, F. and Manke, T.},
   title = {deepTools2: a next generation web server for deep-sequencing data analysis},
   journal = {Nucleic Acids Res},
   volume = {44},
   number = {W1},
   pages = {W160-5},
   ISSN = {0305-1048 (Print)
0305-1048},
   DOI = {10.1093/nar/gkw257},
   year = {2016},
   type = {Journal Article}
}

@article{seurat_4,
   author = {Hao, Yuhan and Hao, Stephanie and Andersen-Nissen, Erica and Mauck, William M. and Zheng, Shiwei and Butler, Andrew and Lee, Maddie J. and Wilk, Aaron J. and Darby, Charlotte and Zager, Michael and Hoffman, Paul and Stoeckius, Marlon and Papalexi, Efthymia and Mimitou, Eleni P. and Jain, Jaison and Srivastava, Avi and Stuart, Tim and Fleming, Lamar M. and Yeung, Bertrand and Rogers, Angela J. and McElrath, Juliana M. and Blish, Catherine A. and Gottardo, Raphael and Smibert, Peter and Satija, Rahul},
   title = {Integrated analysis of multimodal single-cell data},
   journal = {Cell},
   volume = {184},
   number = {13},
   pages = {3573-3587.e29},
   ISSN = {0092-8674},
   DOI = {https://doi.org/10.1016/j.cell.2021.04.048},
   url = {https://www.sciencedirect.com/science/article/pii/S0092867421005833},
   year = {2021},
   type = {Journal Article}
}

@article{doubletfinder_2019,
   author = {McGinnis, Christopher S. and Murrow, Lyndsay M. and Gartner, Zev J.},
   title = {DoubletFinder: Doublet Detection in Single-Cell RNA Sequencing Data Using Artificial Nearest Neighbors},
   journal = {Cell Systems},
   volume = {8},
   number = {4},
   pages = {329-337.e4},
   ISSN = {2405-4712},
   DOI = {https://doi.org/10.1016/j.cels.2019.03.003},
   url = {https://www.sciencedirect.com/science/article/pii/S2405471219300730},
   year = {2019},
   type = {Journal Article}
}

@article{xenocell_2021,
   author = {Cheloni, Stefano and Hillje, Roman and Luzi, Lucilla and Pelicci, Pier Giuseppe and Gatti, Elena},
   title = {XenoCell: classification of cellular barcodes in single cell experiments from xenograft samples},
   journal = {BMC Medical Genomics},
   volume = {14},
   number = {1},
   pages = {34},
   ISSN = {1755-8794},
   DOI = {10.1186/s12920-021-00872-8},
   url = {https://doi.org/10.1186/s12920-021-00872-8},
   year = {2021},
   type = {Journal Article}
}

@article{sctransform_2019,
   author = {Hafemeister, Christoph and Satija, Rahul},
   title = {Normalization and variance stabilization of single-cell RNA-seq data using regularized negative binomial regression},
   journal = {Genome Biology},
   volume = {20},
   number = {1},
   pages = {296},
   ISSN = {1474-760X},
   DOI = {10.1186/s13059-019-1874-1},
   url = {https://doi.org/10.1186/s13059-019-1874-1},
   year = {2019},
   type = {Journal Article}
}

@article{Karlsson_2021,
   author = {Karlsson, Max and Zhang, Cheng and Méar, Loren and Zhong, Wen and Digre, Andreas and Katona, Borbala and Sjöstedt, Evelina and Butler, Lynn and Odeberg, Jacob and Dusart, Philip and Edfors, Fredrik and Oksvold, Per and von Feilitzen, Kalle and Zwahlen, Martin and Arif, Muhammad and Altay, Ozlem and Li, Xiangyu and Ozcan, Mehmet and Mardinoglu, Adil and Fagerberg, Linn and Mulder, Jan and Luo, Yonglun and Ponten, Fredrik and Uhlén, Mathias and Lindskog, Cecilia},
   title = {A single–cell type transcriptomics map of human tissues},
   journal = {Science Advances},
   volume = {7},
   number = {31},
   pages = {eabh2169},
   DOI = {10.1126/sciadv.abh2169},
   url = {https://doi.org/10.1126/sciadv.abh2169},
   type = {Journal Article}
}

@article{conos_2019,
   author = {Barkas, Nikolas and Petukhov, Viktor and Nikolaeva, Daria and Lozinsky, Yaroslav and Demharter, Samuel and Khodosevich, Konstantin and Kharchenko, Peter V.},
   title = {Joint analysis of heterogeneous single-cell RNA-seq dataset collections},
   journal = {Nature Methods},
   volume = {16},
   number = {8},
   pages = {695-698},
   ISSN = {1548-7105},
   DOI = {10.1038/s41592-019-0466-z},
   url = {https://doi.org/10.1038/s41592-019-0466-z},
   year = {2019},
   type = {Journal Article}
}

@article{dixit_2021,
   author = {Dixit, D. and Prager, B. C. and Gimple, R. C. and Poh, H. X. and Wang, Y. and Wu, Q. and Qiu, Z. and Kidwell, R. L. and Kim, L. J. Y. and Xie, Q. and Vitting-Seerup, K. and Bhargava, S. and Dong, Z. and Jiang, L. and Zhu, Z. and Hamerlik, P. and Jaffrey, S. R. and Zhao, J. C. and Wang, X. and Rich, J. N.},
   title = {The RNA m6A Reader YTHDF2 Maintains Oncogene Expression and Is a Targetable Dependency in Glioblastoma Stem Cells},
   journal = {Cancer Discov},
   volume = {11},
   number = {2},
   pages = {480-499},
   ISSN = {2159-8274 (Print)
2159-8274},
   DOI = {10.1158/2159-8290.Cd-20-0331},
   year = {2021},
   type = {Journal Article}
}

@article{crispri,
   author = {Gilbert, L. A. and Horlbeck, M. A. and Adamson, B. and Villalta, J. E. and Chen, Y. and Whitehead, E. H. and Guimaraes, C. and Panning, B. and Ploegh, H. L. and Bassik, M. C. and Qi, L. S. and Kampmann, M. and Weissman, J. S.},
   title = {Genome-Scale CRISPR-Mediated Control of Gene Repression and Activation},
   journal = {Cell},
   volume = {159},
   number = {3},
   pages = {647-61},
   ISSN = {0092-8674 (Print)
0092-8674},
   DOI = {10.1016/j.cell.2014.09.029},
   year = {2014},
   type = {Journal Article}
}

@article{chopchop,
   author = {Labun, Kornel and Montague, Tessa G. and Krause, Maximilian and Torres Cleuren, Yamila N. and Tjeldnes, Håkon and Valen, Eivind},
   title = {CHOPCHOP v3: expanding the CRISPR web toolbox beyond genome editing},
   journal = {Nucleic Acids Research},
   volume = {47},
   number = {W1},
   pages = {W171-W174},
   ISSN = {0305-1048},
   DOI = {10.1093/nar/gkz365},
   url = {https://doi.org/10.1093/nar/gkz365},
   year = {2019},
   type = {Journal Article}
}

@article{mageck,
   author = {Li, Wei and Köster, Johannes and Xu, Han and Chen, Chen-Hao and Xiao, Tengfei and Liu, Jun S. and Brown, Myles and Liu, X. Shirley},
   title = {Quality control, modeling, and visualization of CRISPR screens with MAGeCK-VISPR},
   journal = {Genome Biology},
   volume = {16},
   number = {1},
   pages = {281},
   ISSN = {1474-760X},
   DOI = {10.1186/s13059-015-0843-6},
   url = {https://doi.org/10.1186/s13059-015-0843-6},
   year = {2015},
   type = {Journal Article}
}

@article{crispr-surf,
   author = {Hsu, Jonathan Y. and Fulco, Charles P. and Cole, Mitchel A. and Canver, Matthew C. and Pellin, Danilo and Sher, Falak and Farouni, Rick and Clement, Kendell and Guo, Jimmy A. and Biasco, Luca and Orkin, Stuart H. and Engreitz, Jesse M. and Lander, Eric S. and Joung, J. Keith and Bauer, Daniel E. and Pinello, Luca},
   title = {CRISPR-SURF: discovering regulatory elements by deconvolution of CRISPR tiling screen data},
   journal = {Nature Methods},
   volume = {15},
   number = {12},
   pages = {992-993},
   ISSN = {1548-7105},
   DOI = {10.1038/s41592-018-0225-6},
   url = {https://doi.org/10.1038/s41592-018-0225-6},
   year = {2018},
   type = {Journal Article}
}

@inproceedings{statsmodels,
  title={statsmodels: Econometric and statistical modeling with python},
  author={Seabold, Skipper and Perktold, Josef},
  booktitle={9th Python in Science Conference},
  year={2010},
}

@article{bh,
   author = {Benjamini, Yoav and Hochberg, Yosef},
   title = {Controlling the False Discovery Rate: A Practical and Powerful Approach to Multiple Testing},
   journal = {Journal of the Royal Statistical Society. Series B (Methodological)},
   volume = {57},
   number = {1},
   pages = {289-300},
   ISSN = {00359246},
   url = {http://www.jstor.org/stable/2346101},
   year = {1995},
   type = {Journal Article}
}

@article{scipy,
   author = {Virtanen, Pauli and Gommers, Ralf and Oliphant, Travis E. and Haberland, Matt and Reddy, Tyler and Cournapeau, David and Burovski, Evgeni and Peterson, Pearu and Weckesser, Warren and Bright, Jonathan and van der Walt, Stéfan J. and Brett, Matthew and Wilson, Joshua and Millman, K. Jarrod and Mayorov, Nikolay and Nelson, Andrew R. J. and Jones, Eric and Kern, Robert and Larson, Eric and Carey, C. J. and Polat, \.{I}lhan and Feng, Yu and Moore, Eric W. and VanderPlas, Jake and Laxalde, Denis and Perktold, Josef and Cimrman, Robert and Henriksen, Ian and Quintero, E. A. and Harris, Charles R. and Archibald, Anne M. and Ribeiro, Ant\^{o}nio H. and Pedregosa, Fabian and van Mulbregt, Paul and Vijaykumar, Aditya and Bardelli, Alessandro Pietro and Rothberg, Alex and Hilboll, Andreas and Kloeckner, Andreas and Scopatz, Anthony and Lee, Antony and Rokem, Ariel and Woods, C. Nathan and Fulton, Chad and Masson, Charles and Häggström, Christian and Fitzgerald, Clark and Nicholson, David A. and Hagen, David R. and Pasechnik, Dmitrii V. and Olivetti, Emanuele and Martin, Eric and Wieser, Eric and Silva, Fabrice and Lenders, Felix and Wilhelm, Florian and Young, G. and Price, Gavin A. and Ingold, Gert-Ludwig and Allen, Gregory E. and Lee, Gregory R. and Audren, Herv\'{e} and Probst, Irvin and Dietrich, J\"{o}rg P. and Silterra, Jacob and Webber, James T. and Slavi\u{c}, Janko and Nothman, Joel and Buchner, Johannes and Kulick, Johannes and Sch\"{o}nberger, Johannes L. and de Miranda Cardoso, José Vinícius and Reimer, Joscha and Harrington, Joseph and Rodr\'{i}guez, Juan Luis Cano and Nunez-Iglesias, Juan and Kuczynski, Justin and Tritz, Kevin and Thoma, Martin and Newville, Matthew and Kümmerer, Matthias and Bolingbroke, Maximilian and Tartre, Michael and Pak, Mikhail and Smith, Nathaniel J. and Nowaczyk, Nikolai and Shebanov, Nikolay and Pavlyk, Oleksandr and Brodtkorb, Per A. and Lee, Perry and McGibbon, Robert T. and Feldbauer, Roman and Lewis, Sam and Tygier, Sam and Sievert, Scott and Vigna, Sebastiano and Peterson, Stefan and More, Surhud and Pudlik, Tadeusz and Oshima, Takuya and others },
   title = {SciPy 1.0: fundamental algorithms for scientific computing in Python},
   journal = {Nature Methods},
   volume = {17},
   number = {3},
   pages = {261-272},
   ISSN = {1548-7105},
   DOI = {10.1038/s41592-019-0686-2},
   url = {https://doi.org/10.1038/s41592-019-0686-2},
   year = {2020},
   type = {Journal Article}
}

@article{lifelines,
   author = {Davidson-Pilon, Cameron},
   title = {lifelines: survival analysis in Python},
   journal = {Journal of Open Source Software},
   volume = {4},
   number = {40},
   pages = {1317},
   DOI = {https://doi.org/10.21105/joss.01317},
   year = {2019},
   type = {Journal Article}
}

@article{pyranges_2020,
   author = {Stovner, Endre Bakken and Sætrom, Pål},
   title = {PyRanges: efficient comparison of genomic intervals in Python},
   journal = {Bioinformatics},
   volume = {36},
   number = {3},
   pages = {918-919},
   ISSN = {1367-4803},
   DOI = {10.1093/bioinformatics/btz615},
   url = {https://doi.org/10.1093/bioinformatics/btz615},
   year = {2020},
   type = {Journal Article}
}

@article{baron-kenny_1986,
   author = {Baron, Reuben M. and Kenny, David A.},
   title = {The moderator–mediator variable distinction in social psychological research: Conceptual, strategic, and statistical considerations},
   journal = {Journal of Personality and Social Psychology},
   volume = {51},
   pages = {1173-1182},
   ISSN = {1939-1315(Electronic),0022-3514(Print)},
   DOI = {10.1037/0022-3514.51.6.1173},
   year = {1986},
   type = {Journal Article}
}

@article{jung_2012,
   author = {Jung, Su Yon and Rosenzweig, Margaret and Linkov, Faina and Brufsky, Adam and Weissfeld, Joel L. and Sereika, Susan M.},
   title = {Comorbidity as a Mediator of Survival Disparity Between Younger and Older Women Diagnosed With Metastatic Breast Cancer},
   journal = {Hypertension},
   volume = {59},
   number = {2},
   pages = {205-211},
   DOI = {10.1161/HYPERTENSIONAHA.111.171736},
   url = {https://doi.org/10.1161/HYPERTENSIONAHA.111.171736},
   year = {2012},
   type = {Journal Article}
}

@article{north_2002,
   author = {North, B. V. and Curtis, D. and Sham, P. C.},
   title = {A note on the calculation of empirical P values from Monte Carlo procedures},
   journal = {American journal of human genetics},
   volume = {71},
   number = {2},
   pages = {439-441},
   ISSN = {0002-9297
1537-6605},
   DOI = {10.1086/341527},
   url = {https://pubmed.ncbi.nlm.nih.gov/12111669
https://www.ncbi.nlm.nih.gov/pmc/articles/PMC379178/},
   year = {2002},
   type = {Journal Article}
}

@article{liu_2017,
   author = {Liu, Guanghan and Piantadosi, Steven},
   title = {Ridge estimation in generalized linear models and proportional hazards regressions},
   journal = {Communications in Statistics - Theory and Methods},
   volume = {46},
   number = {23},
   pages = {11466-11479},
   ISSN = {0361-0926},
   DOI = {10.1080/03610926.2016.1267767},
   url = {https://doi.org/10.1080/03610926.2016.1267767},
   year = {2017},
   type = {Journal Article}
}

@article{verweij_1994,
   author = {Verweij, Pierre J. M. and Van Houwelingen, Hans C.},
   title = {Penalized likelihood in Cox regression},
   journal = {Statistics in Medicine},
   volume = {13},
   number = {23-24},
   pages = {2427-2436},
   ISSN = {0277-6715},
   DOI = {https://doi.org/10.1002/sim.4780132307},
   url = {https://doi.org/10.1002/sim.4780132307},
   year = {1994},
   type = {Journal Article}
}

@article{xue_2007,
   author = {Xue, X. and Kim, M. Y. and Shore, R. E.},
   title = {Cox regression analysis in presence of collinearity: an application to assessment of health risks associated with occupational radiation exposure},
   journal = {Lifetime Data Anal},
   volume = {13},
   number = {3},
   pages = {333-50},
   ISSN = {1380-7870 (Print)
1380-7870},
   DOI = {10.1007/s10985-007-9045-1},
   year = {2007},
   type = {Journal Article}
}

@article{lapointe_2018,
   author = {Lapointe-Shaw, Lauren and Bouck, Zachary and Howell, Nicholas A. and Lange, Theis and Orchanian-Cheff, Ani and Austin, Peter C. and Ivers, Noah M. and Redelmeier, Donald A. and Bell, Chaim M.},
   title = {Mediation analysis with a time-to-event outcome: a review of use and reporting in healthcare research},
   journal = {BMC Medical Research Methodology},
   volume = {18},
   number = {1},
   pages = {118},
   ISSN = {1471-2288},
   DOI = {10.1186/s12874-018-0578-7},
   url = {https://doi.org/10.1186/s12874-018-0578-7},
   year = {2018},
   type = {Journal Article}
}

@misc{demeritt_2022,
   author = {DeMeritt, Jacqueline},
   title = {Parametric Models},
   DOI= {https://jdemeritt.weebly.com/uploads/2/2/7/7/22771764/parametric.pdf},
   url = {https://jdemeritt.weebly.com/uploads/2/2/7/7/22771764/parametric.pdf},
   year = {2022},
   type = {Electronic Article}
}

@article{inferCNV_2019,
   author = {Tickle, Timothy and Tirosh, Itay and Georgescu, Christophe and Brown, Maxwell and Haas, Brian},
   title = {inferCNV of the Trinity CTAT project},
   year = {2019},
   type = {Journal Article}
}

@article{cnvkit,
   author = {Talevich, Eric and Shain, A. Hunter and Botton, Thomas and Bastian, Boris C.},
   title = {CNVkit: Genome-Wide Copy Number Detection and Visualization from Targeted DNA Sequencing},
   journal = {PLoS Computational Biology},
   volume = {12},
   number = {4},
   pages = {e1004873},
   year = {2016},
   type = {Journal Article}
}

@article{depristo_2011,
   author = {DePristo, M. A. and Banks, E. and Poplin, R. and Garimella, K. V. and Maguire, J. R. and Hartl, C. and Philippakis, A. A. and del Angel, G. and Rivas, M. A. and Hanna, M. and McKenna, A. and Fennell, T. J. and Kernytsky, A. M. and Sivachenko, A. Y. and Cibulskis, K. and Gabriel, S. B. and Altshuler, D. and Daly, M. J.},
   title = {A framework for variation discovery and genotyping using next-generation DNA sequencing data},
   journal = {Nat Genet},
   volume = {43},
   number = {5},
   pages = {491-8},
   ISSN = {1061-4036 (Print)
1061-4036},
   DOI = {10.1038/ng.806},
   year = {2011},
   type = {Journal Article}
}

@article{mckenna_2010,
   author = {McKenna, A. and Hanna, M. and Banks, E. and Sivachenko, A. and Cibulskis, K. and Kernytsky, A. and Garimella, K. and Altshuler, D. and Gabriel, S. and Daly, M. and DePristo, M. A.},
   title = {The Genome Analysis Toolkit: a MapReduce framework for analyzing next-generation DNA sequencing data},
   journal = {Genome Res},
   volume = {20},
   number = {9},
   pages = {1297-303},
   ISSN = {1088-9051 (Print)
1088-9051},
   DOI = {10.1101/gr.107524.110},
   year = {2010},
   type = {Journal Article}
}

@article{vanderauwera_2013,
   author = {Van der Auwera, G. A. and Carneiro, M. O. and Hartl, C. and Poplin, R. and Del Angel, G. and Levy-Moonshine, A. and Jordan, T. and Shakir, K. and Roazen, D. and Thibault, J. and Banks, E. and Garimella, K. V. and Altshuler, D. and Gabriel, S. and DePristo, M. A.},
   title = {From FastQ data to high confidence variant calls: the Genome Analysis Toolkit best practices pipeline},
   journal = {Curr Protoc Bioinformatics},
   volume = {43},
   number = {1110},
   pages = {11.10.1-11.10.33},
   ISSN = {1934-3396 (Print)
1934-3396},
   DOI = {10.1002/0471250953.bi1110s43},
   year = {2013},
   type = {Journal Article}
}

@article{samtools,
   author = {Li, H. and Handsaker, B. and Wysoker, A. and Fennell, T. and Ruan, J. and Homer, N. and Marth, G. and Abecasis, G. and Durbin, R.},
   title = {The Sequence Alignment/Map format and SAMtools},
   journal = {Bioinformatics},
   volume = {25},
   number = {16},
   pages = {2078-9},
   ISSN = {1367-4803 (Print)
1367-4803},
   DOI = {10.1093/bioinformatics/btp352},
   year = {2009},
   type = {Journal Article}
}

@article{bwa,
   author = {Li, Heng and Durbin, Richard},
   title = {Fast and accurate short read alignment with Burrows–Wheeler transform},
   journal = {Bioinformatics},
   volume = {25},
   number = {14},
   pages = {1754-1760},
   ISSN = {1367-4803},
   DOI = {10.1093/bioinformatics/btp324},
   url = {https://doi.org/10.1093/bioinformatics/btp324},
   year = {2009},
   type = {Journal Article}
}

@article{ssGSEA_2009,
   author = {Barbie, David A. and Tamayo, Pablo and Boehm, Jesse S. and Kim, So Young and Moody, Susan E. and Dunn, Ian F. and Schinzel, Anna C. and Sandy, Peter and Meylan, Etienne and Scholl, Claudia and Fröhling, Stefan and Chan, Edmond M. and Sos, Martin L. and Michel, Kathrin and Mermel, Craig and Silver, Serena J. and Weir, Barbara A. and Reiling, Jan H. and Sheng, Qing and Gupta, Piyush B. and Wadlow, Raymond C. and Le, Hanh and Hoersch, Sebastian and Wittner, Ben S. and Ramaswamy, Sridhar and Livingston, David M. and Sabatini, David M. and Meyerson, Matthew and Thomas, Roman K. and Lander, Eric S. and Mesirov, Jill P. and Root, David E. and Gilliland, D. Gary and Jacks, Tyler and Hahn, William C.},
   title = {Systematic RNA interference reveals that oncogenic KRAS-driven cancers require TBK1},
   journal = {Nature},
   volume = {462},
   number = {7269},
   pages = {108-112},
   ISSN = {1476-4687},
   DOI = {10.1038/nature08460},
   url = {https://doi.org/10.1038/nature08460},
   year = {2009},
   type = {Journal Article}
}

@article{genepattern_nb,
   author = {Reich, Michael and Tabor, Thorin and Liefeld, Ted and Thorvaldsdóttir, Helga and Hill, Barbara and Tamayo, Pablo and Mesirov, Jill P.},
   title = {The GenePattern Notebook Environment},
   journal = {Cell systems},
   volume = {5},
   number = {2},
   pages = {149-151.e1},
   ISSN = {2405-4712
2405-4720},
   DOI = {10.1016/j.cels.2017.07.003},
   url = {https://pubmed.ncbi.nlm.nih.gov/28822753
https://www.ncbi.nlm.nih.gov/pmc/articles/PMC5572818/},
   year = {2017},
   type = {Journal Article}
}

@article{seaborn,
   author = {Waskom, Michael L.},
   title = {seaborn: statistical data visualization},
   journal = {Journal of Open Source Software},
   volume = {6},
   number = {60},
   pages = {3021},
   DOI = {https://doi.org/10.21105/joss.03021},
   year = {2021},
   type = {Journal Article}
}

@article{macs,
   author = {Zhang, Y. and Liu, T. and Meyer, C. A. and Eeckhoute, J. and Johnson, D. S. and Bernstein, B. E. and Nusbaum, C. and Myers, R. M. and Brown, M. and Li, W. and Liu, X. S.},
   title = {Model-based analysis of ChIP-Seq (MACS)},
   journal = {Genome Biol},
   volume = {9},
   number = {9},
   pages = {R137},
   ISSN = {1474-7596},
   DOI = {10.1186/gb-2008-9-9-r137},
   year = {2008},
   type = {Journal Article}
}

@article{nuset,
   author = {Yang, Linfeng and Ghosh, Rajarshi P. and Franklin, J. Matthew and Chen, Simon and You, Chenyu and Narayan, Raja R. and Melcher, Marc L. and Liphardt, Jan T.},
   title = {NuSeT: A deep learning tool for reliably separating and analyzing crowded cells},
   journal = {PLOS Computational Biology},
   volume = {16},
   number = {9},
   pages = {e1008193},
   DOI = {10.1371/journal.pcbi.1008193},
   url = {https://doi.org/10.1371/journal.pcbi.1008193},
   year = {2020},
   type = {Journal Article}
}

@article{ecseg,
   author = {Rajkumar, U. and Turner, K. and Luebeck, J. and Deshpande, V. and Chandraker, M. and Mischel, P. and Bafna, V.},
   title = {EcSeg: Semantic Segmentation of Metaphase Images Containing Extrachromosomal DNA},
   journal = {iScience},
   volume = {21},
   pages = {428-435},
   ISSN = {2589-0042},
   DOI = {10.1016/j.isci.2019.10.035},
   year = {2019},
   type = {Journal Article}
}

@article{milani_2016,
   author = {Milani, Pamela and Escalante-Chong, Renan and Shelley, Brandon C. and Patel-Murray, Natasha L. and Xin, Xiaofeng and Adam, Miriam and Mandefro, Berhan and Sareen, Dhruv and Svendsen, Clive N. and Fraenkel, Ernest},
   title = {Cell freezing protocol suitable for ATAC-Seq on motor neurons derived from human induced pluripotent stem cells},
   journal = {Scientific Reports},
   volume = {6},
   number = {1},
   pages = {25474},
   ISSN = {2045-2322},
   DOI = {10.1038/srep25474},
   url = {https://doi.org/10.1038/srep25474},
   year = {2016},
   type = {Journal Article}
}

@article{trimmomatic,
   author = {Bolger, Anthony M. and Lohse, Marc and Usadel, Bjoern},
   title = {Trimmomatic: a flexible trimmer for Illumina sequence data},
   journal = {Bioinformatics},
   volume = {30},
   number = {15},
   pages = {2114-2120},
   ISSN = {1367-4803},
   DOI = {10.1093/bioinformatics/btu170},
   url = {https://doi.org/10.1093/bioinformatics/btu170},
   year = {2014},
   type = {Journal Article}
}

@article{hic-pro,
   author = {Servant, Nicolas and Varoquaux, Nelle and Lajoie, Bryan R. and Viara, Eric and Chen, Chong-Jian and Vert, Jean-Philippe and Heard, Edith and Dekker, Job and Barillot, Emmanuel},
   title = {HiC-Pro: an optimized and flexible pipeline for Hi-C data processing},
   journal = {Genome Biology},
   volume = {16},
   number = {1},
   pages = {259},
   ISSN = {1474-760X},
   DOI = {10.1186/s13059-015-0831-x},
   url = {https://doi.org/10.1186/s13059-015-0831-x},
   year = {2015},
   type = {Journal Article}
}

@article{igv,
   author = {Robinson, James T. and Thorvaldsdóttir, Helga and Winckler, Wendy and Guttman, Mitchell and Lander, Eric S. and Getz, Gad and Mesirov, Jill P.},
   title = {Integrative genomics viewer},
   journal = {Nature biotechnology},
   volume = {29},
   number = {1},
   pages = {24-26},
   ISSN = {1546-1696
1087-0156},
   DOI = {10.1038/nbt.1754},
   url = {https://pubmed.ncbi.nlm.nih.gov/21221095
https://www.ncbi.nlm.nih.gov/pmc/articles/PMC3346182/},
   year = {2011},
   type = {Journal Article}
}

@article{juicebox,
   author = {Durand, Neva C. and Robinson, James T. and Shamim, Muhammad S. and Machol, Ido and Mesirov, Jill P. and Lander, Eric S. and Aiden, Erez Lieberman},
   title = {Juicebox Provides a Visualization System for Hi-C Contact Maps with Unlimited Zoom},
   journal = {Cell systems},
   volume = {3},
   number = {1},
   pages = {99-101},
   ISSN = {2405-4712
2405-4720},
   DOI = {10.1016/j.cels.2015.07.012},
   url = {https://pubmed.ncbi.nlm.nih.gov/27467250
https://www.ncbi.nlm.nih.gov/pmc/articles/PMC5596920/},
   year = {2016},
   type = {Journal Article}
}

@article{kr,
   author = {Knight, Philip A. and Ruiz, Daniel},
   title = {A fast algorithm for matrix balancing},
   journal = {IMA Journal of Numerical Analysis},
   volume = {33},
   number = {3},
   pages = {1029-1047},
   ISSN = {0272-4979},
   DOI = {10.1093/imanum/drs019},
   url = {https://doi.org/10.1093/imanum/drs019},
   year = {2013},
   type = {Journal Article}
}

@article{juicer,
   author = {Durand, N. C. and Shamim, M. S. and Machol, I. and Rao, S. S. and Huntley, M. H. and Lander, E. S. and Aiden, E. L.},
   title = {Juicer Provides a One-Click System for Analyzing Loop-Resolution Hi-C Experiments},
   journal = {Cell Syst},
   volume = {3},
   number = {1},
   pages = {95-8},
   ISSN = {2405-4712 (Print)
2405-4712},
   DOI = {10.1016/j.cels.2016.07.002},
   year = {2016},
   type = {Journal Article}
}

@article{atac-seq,
   author = {Buenrostro, Jason D. and Wu, Beijing and Litzenburger, Ulrike M. and Ruff, Dave and Gonzales, Michael L. and Snyder, Michael P. and Chang, Howard Y. and Greenleaf, William J.},
   title = {Single-cell chromatin accessibility reveals principles of regulatory variation},
   journal = {Nature},
   volume = {523},
   number = {7561},
   pages = {486-490},
   ISSN = {1476-4687
0028-0836},
   DOI = {10.1038/nature14590},
   url = {https://www.ncbi.nlm.nih.gov/pubmed/26083756
https://www.ncbi.nlm.nih.gov/pmc/articles/PMC4685948/},
   year = {2015},
   type = {Journal Article}
}

@article{buenrostro_2015,
   author = {Buenrostro, J. D. and Wu, B. and Chang, H. Y. and Greenleaf, W. J.},
   title = {ATAC-seq: A Method for Assaying Chromatin Accessibility Genome-Wide},
   journal = {Curr Protoc Mol Biol},
   volume = {109},
   pages = {21.29.1-21.29.9},
   ISSN = {1934-3639 (Print)
1934-3647},
   DOI = {10.1002/0471142727.mb2129s109},
   year = {2015},
   type = {Journal Article}
}

@article{rao_2014,
   author = {Rao, Suhas S P. and Huntley, Miriam H and Durand, Neva C and Stamenova, Elena K and Bochkov, Ivan D and Robinson, James T and Sanborn, Adrian L and Machol, Ido and Omer, Arina D and Lander, Eric S and Aiden, Erez Lieberman},
   title = {A 3D Map of the Human Genome at Kilobase Resolution Reveals Principles of Chromatin Looping},
   journal = {Cell},
   volume = {159},
   number = {7},
   pages = {1665-1680},
   ISSN = {0092-8674},
   DOI = {https://doi.org/10.1016/j.cell.2014.11.021},
   url = {https://www.sciencedirect.com/science/article/pii/S0092867414014974},
   year = {2014},
   type = {Journal Article}
}

@article{fithic2,
   author = {Kaul, Arya and Bhattacharyya, Sourya and Ay, Ferhat},
   title = {Identifying statistically significant chromatin contacts from Hi-C data with FitHiC2},
   journal = {Nature Protocols},
   volume = {15},
   number = {3},
   pages = {991-1012},
   ISSN = {1750-2799},
   DOI = {10.1038/s41596-019-0273-0},
   url = {https://doi.org/10.1038/s41596-019-0273-0},
   year = {2020},
   type = {Journal Article}
}

@article{circos,
   author = {Krzywinski, Martin I and Schein, Jacqueline E and Birol, Inanc and Connors, Joseph and Gascoyne, Randy and Horsman, Doug and Jones, Steven J and Marra, Marco A},
   title = {Circos: An information aesthetic for comparative genomics},
   journal = {Genome Research},
   DOI = {10.1101/gr.092759.109},
   url = {http://genome.cshlp.org/content/early/2009/06/15/gr.092759.109.abstract},
   year = {2009},
   type = {Journal Article}
}

@article{fandom,
   author = {Raeisi Dehkordi, Siavash and Luebeck, Jens and Bafna, Vineet},
   title = {FaNDOM: Fast nested distance-based seeding of optical maps},
   journal = {Patterns},
   volume = {2},
   number = {5},
   pages = {100248},
   ISSN = {2666-3899},
   DOI = {https://doi.org/10.1016/j.patter.2021.100248},
   url = {https://www.sciencedirect.com/science/article/pii/S2666389921000684},
   year = {2021},
   type = {Journal Article}
}

@article{AR,
   author = {Luebeck, Jens and Coruh, Ceyda and Dehkordi, Siavash R. and Lange, Joshua T. and Turner, Kristen M. and Deshpande, Viraj and Pai, Dave A. and Zhang, Chao and Rajkumar, Utkrisht and Law, Julie A. and Mischel, Paul S. and Bafna, Vineet},
   title = {AmpliconReconstructor integrates NGS and optical mapping to resolve the complex structures of focal amplifications},
   journal = {Nature Communications},
   volume = {11},
   number = {1},
   pages = {4374},
   ISSN = {2041-1723},
   DOI = {10.1038/s41467-020-18099-z},
   url = {https://doi.org/10.1038/s41467-020-18099-z},
   year = {2020},
   type = {Journal Article}
}

@article{kumar_2020,
   author = {Kumar, Pankaj and Kiran, Shashi and Saha, Shekhar and Su, Zhangli and Paulsen, Teressa and Chatrath, Ajay and Shibata, Yoshiyuki and Shibata, Etsuko and Dutta, Anindya},
   title = {ATAC-seq identifies thousands of extrachromosomal circular DNA in cancer and cell lines},
   journal = {Science Advances},
   volume = {6},
   number = {20},
   pages = {eaba2489},
   DOI = {10.1126/sciadv.aba2489},
   url = {http://advances.sciencemag.org/content/6/20/eaba2489.abstract},
   year = {2020},
   type = {Journal Article}
}

@article{karczewski_2020,
   author = {Karczewski, Konrad J. and Francioli, Laurent C. and Tiao, Grace and Cummings, Beryl B. and Alföldi, Jessica and Wang, Qingbo and Collins, Ryan L. and Laricchia, Kristen M. and Ganna, Andrea and Birnbaum, Daniel P. and Gauthier, Laura D. and Brand, Harrison and Solomonson, Matthew and Watts, Nicholas A. and Rhodes, Daniel and Singer-Berk, Moriel and England, Eleina M. and Seaby, Eleanor G. and Kosmicki, Jack A. and Walters, Raymond K. and Tashman, Katherine and Farjoun, Yossi and Banks, Eric and Poterba, Timothy and Wang, Arcturus and Seed, Cotton and Whiffin, Nicola and Chong, Jessica X. and Samocha, Kaitlin E. and Pierce-Hoffman, Emma and Zappala, Zachary and O’Donnell-Luria, Anne H. and Minikel, Eric Vallabh and Weisburd, Ben and Lek, Monkol and Ware, James S. and Vittal, Christopher and Armean, Irina M. and Bergelson, Louis and Cibulskis, Kristian and Connolly, Kristen M. and Covarrubias, Miguel and Donnelly, Stacey and Ferriera, Steven and Gabriel, Stacey and Gentry, Jeff and Gupta, Namrata and Jeandet, Thibault and Kaplan, Diane and Llanwarne, Christopher and Munshi, Ruchi and Novod, Sam and Petrillo, Nikelle and Roazen, David and Ruano-Rubio, Valentin and Saltzman, Andrea and Schleicher, Molly and Soto, Jose and Tibbetts, Kathleen and Tolonen, Charlotte and Wade, Gordon and Talkowski, Michael E. and Aguilar Salinas, Carlos A. and Ahmad, Tariq and Albert, Christine M. and Ardissino, Diego and Atzmon, Gil and Barnard, John and Beaugerie, Laurent and Benjamin, Emelia J. and Boehnke, Michael and Bonnycastle, Lori L. and Bottinger, Erwin P. and Bowden, Donald W. and Bown, Matthew J. and Chambers, John C. and Chan, Juliana C. and Chasman, Daniel and Cho, Judy and Chung, Mina K. and Cohen, Bruce and Correa, Adolfo and Dabelea, Dana and Daly, Mark J. and Darbar, Dawood and Duggirala, Ravindranath and Dupuis, Josée and Ellinor, Patrick T. and Elosua, Roberto and Erdmann, Jeanette and Esko, Tõnu and Färkkilä, Martti and Florez, Jose and Franke, Andre and Getz, Gad and Glaser, Benjamin and Glatt, Stephen J. and Goldstein, David and Gonzalez, Clicerio and Groop, Leif and others },
   title = {The mutational constraint spectrum quantified from variation in 141,456 humans},
   journal = {Nature},
   volume = {581},
   number = {7809},
   pages = {434-443},
   ISSN = {1476-4687},
   DOI = {10.1038/s41586-020-2308-7},
   url = {https://doi.org/10.1038/s41586-020-2308-7},
   year = {2020},
   type = {Journal Article}
}

@article{revel_2016,
   author = {Ioannidis, Nilah M. and Rothstein, Joseph H. and Pejaver, Vikas and Middha, Sumit and McDonnell, Shannon K. and Baheti, Saurabh and Musolf, Anthony and Li, Qing and Holzinger, Emily and Karyadi, Danielle and Cannon-Albright, Lisa A. and Teerlink, Craig C. and Stanford, Janet L. and Isaacs, William B. and Xu, Jianfeng and Cooney, Kathleen A. and Lange, Ethan M. and Schleutker, Johanna and Carpten, John D. and Powell, Isaac J. and Cussenot, Olivier and Cancel-Tassin, Geraldine and Giles, Graham G. and MacInnis, Robert J. and Maier, Christiane and Hsieh, Chih-Lin and Wiklund, Fredrik and Catalona, William J. and Foulkes, William D. and Mandal, Diptasri and Eeles, Rosalind A. and Kote-Jarai, Zsofia and Bustamante, Carlos D. and Schaid, Daniel J. and Hastie, Trevor and Ostrander, Elaine A. and Bailey-Wilson, Joan E. and Radivojac, Predrag and Thibodeau, Stephen N. and Whittemore, Alice S. and Sieh, Weiva},
   title = {REVEL: An Ensemble Method for Predicting the Pathogenicity of Rare Missense Variants},
   journal = {The American Journal of Human Genetics},
   volume = {99},
   number = {4},
   pages = {877-885},
   ISSN = {0002-9297},
   DOI = {10.1016/j.ajhg.2016.08.016},
   url = {https://doi.org/10.1016/j.ajhg.2016.08.016},
   year = {2016},
   type = {Journal Article}
}

@article{cadd,
   author = {Rentzsch, Philipp and Witten, Daniela and Cooper, Gregory M. and Shendure, Jay and Kircher, Martin},
   title = {CADD: predicting the deleteriousness of variants throughout the human genome},
   journal = {Nucleic Acids Research},
   volume = {47},
   number = {D1},
   pages = {D886-D894},
   ISSN = {0305-1048},
   DOI = {10.1093/nar/gky1016},
   url = {https://doi.org/10.1093/nar/gky1016},
   year = {2019},
   type = {Journal Article}
}

@article{vep,
   author = {McLaren, William and Gil, Laurent and Hunt, Sarah E. and Riat, Harpreet Singh and Ritchie, Graham R. S. and Thormann, Anja and Flicek, Paul and Cunningham, Fiona},
   title = {The Ensembl Variant Effect Predictor},
   journal = {Genome Biology},
   volume = {17},
   number = {1},
   pages = {122},
   ISSN = {1474-760X},
   DOI = {10.1186/s13059-016-0974-4},
   url = {https://doi.org/10.1186/s13059-016-0974-4},
   year = {2016},
   type = {Journal Article}
}

@article{glnexus,
   author = {Lin, Michael F. and Rodeh, Ohad and Penn, John and Bai, Xiaodong and Reid, Jeffrey G. and Krasheninina, Olga and Salerno, William J.},
   title = {GLnexus: joint variant calling for large cohort sequencing},
   journal = {bioRxiv},
   pages = {343970},
   DOI = {10.1101/343970},
   url = {http://biorxiv.org/content/early/2018/06/11/343970.abstract},
   year = {2018},
   type = {Journal Article}
}

@article{sun_2020,
   author = {Sun, Y. and Han, J. and Wang, Z. and Li, X. and Sun, Y. and Hu, Z.},
   title = {Safety and Efficacy of Bromodomain and Extra-Terminal Inhibitors for the Treatment of Hematological Malignancies and Solid Tumors: A Systematic Study of Clinical Trials},
   journal = {Front Pharmacol},
   volume = {11},
   pages = {621093},
   ISSN = {1663-9812 (Print)
1663-9812},
   DOI = {10.3389/fphar.2020.621093},
   year = {2020},
   type = {Journal Article}
}

@article{bandopadhayay_2014,
   author = {Bandopadhayay, P. and Bergthold, G. and Nguyen, B. and Schubert, S. and Gholamin, S. and Tang, Y. and Bolin, S. and Schumacher, S. E. and Zeid, R. and Masoud, S. and Yu, F. and Vue, N. and Gibson, W. J. and Paolella, B. R. and Mitra, S. S. and Cheshier, S. H. and Qi, J. and Liu, K. W. and Wechsler-Reya, R. and Weiss, W. A. and Swartling, F. J. and Kieran, M. W. and Bradner, J. E. and Beroukhim, R. and Cho, Y. J.},
   title = {BET bromodomain inhibition of MYC-amplified medulloblastoma},
   journal = {Clin Cancer Res},
   volume = {20},
   number = {4},
   pages = {912-25},
   ISSN = {1078-0432 (Print)
1078-0432},
   DOI = {10.1158/1078-0432.Ccr-13-2281},
   year = {2014},
   type = {Journal Article}
}

