@article{gropman_2006,
   author = {Gropman, Andrea L. and Duncan, Wallace C. and Smith, Ann C. M.},
   title = {Neurologic and Developmental Features of the Smith-Magenis Syndrome (del 17p11.2)},
   journal = {Pediatric Neurology},
   volume = {34},
   number = {5},
   pages = {337-350},
   ISSN = {0887-8994},
   DOI = {https://doi.org/10.1016/j.pediatrneurol.2005.08.018},
   url = {https://www.sciencedirect.com/science/article/pii/S0887899405004947},
   year = {2006},
   type = {Journal Article}
}

@article{grobner_2018,
   author = {Gr\"{o}bner, S. N. and Worst, B. C. and Weischenfeldt, J. and Buchhalter, I. and Kleinheinz, K. and Rudneva, V. A. and Johann, P. D. and Balasubramanian, G. P. and Segura-Wang, M. and Brabetz, S. and Bender, S. and Hutter, B. and Sturm, D. and Pfaff, E. and H\"{u}bschmann, D. and Zipprich, G. and Heinold, M. and Eils, J. and Lawerenz, C. and Erkek, S. and Lambo, S. and Waszak, S. and Blattmann, C. and Borkhardt, A. and Kuhlen, M. and Eggert, A. and Fulda, S. and Gessler, M. and Wegert, J. and Kappler, R. and Baumhoer, D. and Burdach, S. and Kirschner-Schwabe, R. and Kontny, U. and Kulozik, A. E. and Lohmann, D. and Hettmer, S. and Eckert, C. and Bielack, S. and Nathrath, M. and Niemeyer, C. and Richter, G. H. and Schulte, J. and Siebert, R. and Westermann, F. and Molenaar, J. J. and Vassal, G. and Witt, H. and Burkhardt, B. and Kratz, C. P. and Witt, O. and van Tilburg, C. M. and Kramm, C. M. and Fleischhack, G. and Dirksen, U. and Rutkowski, S. and Fr\"{u}hwald, M. and von Hoff, K. and Wolf, S. and Klingebiel, T. and Koscielniak, E. and Landgraf, P. and Koster, J. and Resnick, A. C. and Zhang, J. and Liu, Y. and Zhou, X. and Waanders, A. J. and Zwijnenburg, D. A. and Raman, P. and Brors, B. and Weber, U. D. and Northcott, P. A. and Pajtler, K. W. and Kool, M. and Piro, R. M. and Korbel, J. O. and Schlesner, M. and Eils, R. and Jones, D. T. W. and Lichter, P. and Chavez, L. and Zapatka, M. and Pfister, S. M.},
   title = {The landscape of genomic alterations across childhood cancers},
   journal = {Nature},
   volume = {555},
   number = {7696},
   pages = {321-327},
   ISSN = {0028-0836},
   DOI = {10.1038/nature25480},
   year = {2018},
   type = {Journal Article}
}

@article{ma_2018,
   author = {Ma, Xiaotu and Liu, Yu and Liu, Yanling and Alexandrov, Ludmil B. and Edmonson, Michael N. and Gawad, Charles and Zhou, Xin and Li, Yongjin and Rusch, Michael C. and Easton, John and Huether, Robert and Gonzalez-Pena, Veronica and Wilkinson, Mark R. and Hermida, Leandro C. and Davis, Sean and Sioson, Edgar and Pounds, Stanley and Cao, Xueyuan and Ries, Rhonda E. and Wang, Zhaoming and Chen, Xiang and Dong, Li and Diskin, Sharon J. and Smith, Malcolm A. and Guidry Auvil, Jaime M. and Meltzer, Paul S. and Lau, Ching C. and Perlman, Elizabeth J. and Maris, John M. and Meshinchi, Soheil and Hunger, Stephen P. and Gerhard, Daniela S. and Zhang, Jinghui},
   title = {Pan-cancer genome and transcriptome analyses of 1,699 paediatric leukaemias and solid tumours},
   journal = {Nature},
   volume = {555},
   number = {7696},
   pages = {371-376},
   ISSN = {1476-4687
0028-0836},
   DOI = {10.1038/nature25795},
   url = {https://pubmed.ncbi.nlm.nih.gov/29489755
https://www.ncbi.nlm.nih.gov/pmc/articles/PMC5854542/},
   year = {2018},
   type = {Journal Article}
}

@article{pongor_2023,
   author = {Pongor, L. S. and Schultz, C. W. and Rinaldi, L. and Wangsa, D. and Redon, C. E. and Takahashi, N. and Fialkoff, G. and Desai, P. and Zhang, Y. and Burkett, S. and Hermoni, N. and Vilk, N. and Gutin, J. and Gergely, R. and Zhao, Y. and Nichols, S. and Vilimas, R. and Sciuto, L. and Graham, C. and Caravaca, J. M. and Turan, S. and Tsai-Wei, S. and Rajapakse, V. N. and Kumar, R. and Upadhyay, D. and Kumar, S. and Kim, Y. S. and Roper, N. and Tran, B. and Hewitt, S. M. and Kleiner, D. E. and Aladjem, M. I. and Friedman, N. and Hager, G. L. and Pommier, Y. and Ried, T. and Thomas, A.},
   title = {Extrachromosomal DNA Amplification Contributes to Small Cell Lung Cancer Heterogeneity and Is Associated with Worse Outcomes},
   journal = {Cancer Discov},
   volume = {13},
   number = {4},
   pages = {928-949},
   ISSN = {2159-8274 (Print)
2159-8274},
   DOI = {10.1158/2159-8290.Cd-22-0796},
   year = {2023},
   type = {Journal Article}
}

@article{liu_2022,
   author = {Liu, Fangting and Shi, Zhehao and Bao, Wenming and Zheng, Jiuyi and Chen, Kaiyu and Lin, Zhihui and Song, Hao-Nan and Luo, Xin and Dong, Qiantong and Jiang, Lei and Wang, Yi and Chen, Gang and Chen, Xiaolei},
   title = {ZIC2 promotes colorectal cancer growth and metastasis through the TGF-β signaling pathway},
   journal = {Experimental Cell Research},
   volume = {415},
   number = {2},
   pages = {113118},
   ISSN = {0014-4827},
   DOI = {https://doi.org/10.1016/j.yexcr.2022.113118},
   url = {https://www.sciencedirect.com/science/article/pii/S0014482722001112},
   year = {2022},
   type = {Journal Article}
}

@article{potocki_2000,
   author = {Potocki, L. and Chen, K. S. and Park, S. S. and Osterholm, D. E. and Withers, M. A. and Kimonis, V. and Summers, A. M. and Meschino, W. S. and Anyane-Yeboa, K. and Kashork, C. D. and Shaffer, L. G. and Lupski, J. R.},
   title = {Molecular mechanism for duplication 17p11.2- the homologous recombination reciprocal of the Smith-Magenis microdeletion},
   journal = {Nat Genet},
   volume = {24},
   number = {1},
   pages = {84-7},
   ISSN = {1061-4036 (Print)
1061-4036},
   DOI = {10.1038/71743},
   year = {2000},
   type = {Journal Article}
}

@article{song_2022,
   author = {Song, W. and Yu, W. and Li, D. and Cheng, C. and Wu, X. and Chen, J. and Zhang, W.},
   title = {ZIC5 promotes human hepatocellular carcinoma cell proliferation through upregulating COL1A1},
   journal = {J Gastrointest Oncol},
   volume = {13},
   number = {3},
   pages = {1237-1247},
   ISSN = {2078-6891 (Print)
2078-6891},
   DOI = {10.21037/jgo-22-335},
   year = {2022},
   type = {Journal Article}
}

@article{tan_2022,
   author = {Tan, Yi-Fan and Zhang, Yang and Ge, Sheng-Yang and Zhong, Fan and Sun, Chuan-Yu and Xia, Guo-Wei},
   title = {AR-regulated ZIC5 contributes to the aggressiveness of prostate cancer},
   journal = {Cell Death Discovery},
   volume = {8},
   number = {1},
   pages = {393},
   ISSN = {2058-7716},
   DOI = {10.1038/s41420-022-01181-4},
   url = {https://doi.org/10.1038/s41420-022-01181-4},
   year = {2022},
   type = {Journal Article}
}

@article{thomas_1997,
   author = {Thomas, P. K. and Marques, W., Jr. and Davis, M. B. and Sweeney, M. G. and King, R. H. and Bradley, J. L. and Muddle, J. R. and Tyson, J. and Malcolm, S. and Harding, A. E.},
   title = {The phenotypic manifestations of chromosome 17p11.2 duplication},
   journal = {Brain},
   volume = {120},
   number = {3},
   pages = {465-478},
   ISSN = {0006-8950},
   DOI = {10.1093/brain/120.3.465},
   url = {https://doi.org/10.1093/brain/120.3.465},
   year = {1997},
   type = {Journal Article}
}

@article{wang_2022,
   author = {Wang, Z. and Fu, L. and Zhang, J. and Ge, Y. and Guo, C. and Wang, R. and Deng, M. and Wang, Q. and Wang, Z.},
   title = {A comprehensive analysis of potential gastric cancer prognostic biomarker ITGBL1 associated with immune infiltration and epithelial-mesenchymal transition},
   journal = {Biomed Eng Online},
   volume = {21},
   number = {1},
   pages = {30},
   ISSN = {1475-925x},
   DOI = {10.1186/s12938-022-00998-5},
   year = {2022},
   type = {Journal Article}
}

@article{bigner_1990,
   author = {Bigner, S. H. and Vogelstein, B.},
   title = {Cytogenetics and molecular genetics of malignant gliomas and medulloblastoma},
   journal = {Brain Pathol},
   volume = {1},
   number = {1},
   pages = {12-8},
   ISSN = {1015-6305 (Print)
1015-6305},
   DOI = {10.1111/j.1750-3639.1990.tb00633.x},
   year = {1990},
   type = {Journal Article}
}

@article{fabris_2007,
   author = {Fabris, Sonia and Todoerti, Katia and Mosca, Laura and Agnelli, Luca and Ronchetti, Domenica and Intini, Daniela and Lionetti, Marta and Ciceri, Gabriella and Deliliers, Giorgio Lambertenghi and Bertoni, Francesco and Neri, Antonino},
   title = {Molecular and Transcriptional Characterization of the Novel 17p11.2-p12 Chromosome Amplification in Multiple Myeloma},
   journal = {Blood},
   volume = {110},
   number = {11},
   pages = {2486-2486},
   ISSN = {0006-4971},
   DOI = {10.1182/blood.V110.11.2486.2486},
   url = {https://doi.org/10.1182/blood.V110.11.2486.2486},
   year = {2007},
   type = {Journal Article}
}

@article{kaur_2007,
   author = {Kaur, S. and Larramendy, M. L. and Vauhkonen, H. and Böhling, T. and Knuutila, S.},
   title = {Loss of TP53 in sarcomas with 17p12~p11 gain. A fine-resolution oligonucleotide array comparative genomic hybridization study},
   journal = {Cytogenetic and Genome Research},
   volume = {116},
   number = {3},
   pages = {153-157},
   ISSN = {1424-8581},
   DOI = {10.1159/000098180},
   url = {https://www.karger.com/DOI/10.1159/000098180},
   year = {2007},
   type = {Journal Article}
}

@article{knuutila_1998,
   author = {Knuutila, S. and Björkqvist, A. M. and Autio, K. and Tarkkanen, M. and Wolf, M. and Monni, O. and Szymanska, J. and Larramendy, M. L. and Tapper, J. and Pere, H. and El-Rifai, W. and Hemmer, S. and Wasenius, V. M. and Vidgren, V. and Zhu, Y.},
   title = {DNA copy number amplifications in human neoplasms: review of comparative genomic hybridization studies},
   journal = {Am J Pathol},
   volume = {152},
   number = {5},
   pages = {1107-23},
   ISSN = {0002-9440 (Print)
0002-9440},
   year = {1998},
   type = {Journal Article}
}

@article{neat_2001,
   author = {Neat, M. J. and Foot, N. and Jenner, M. and Goff, L. and Ashcroft, K. and Burford, D. and Dunham, A. and Norton, A. and Lister, T. A. and Fitzgibbon, J.},
   title = {Localisation of a novel region of recurrent amplification in follicular lymphoma to an approximately 6.8 Mb region of 13q32-33},
   journal = {Genes Chromosomes Cancer},
   volume = {32},
   number = {3},
   pages = {236-43},
   ISSN = {1045-2257 (Print)
1045-2257},
   DOI = {10.1002/gcc.1187},
   year = {2001},
   type = {Journal Article}
}

@article{rao_1998,
   author = {Rao, Pulivarthi H. and Houldsworth, Jane and Dyomina, Katerina and Parsa, Nasser Z. and Cigudosa, Juan C. and Louie, Diane C. and Popplewell, Leslie and Offit, Kenneth and Jhanwar, Suresh C. and Chaganti, R. S. K.},
   title = {Chromosomal and Gene Amplification in Diffuse Large B-Cell Lymphoma},
   journal = {Blood},
   volume = {92},
   number = {1},
   pages = {234-240},
   ISSN = {0006-4971},
   DOI = {10.1182/blood.V92.1.234.413k22_234_240},
   url = {https://doi.org/10.1182/blood.V92.1.234.413k22_234_240},
   year = {1998},
   type = {Journal Article}
}

@article{sanborn_2013,
   author = {Sanborn, J. Z. and Salama, S. R. and Grifford, M. and Brennan, C. W. and Mikkelsen, T. and Jhanwar, S. and Katzman, S. and Chin, L. and Haussler, D.},
   title = {Double minute chromosomes in glioblastoma multiforme are revealed by precise reconstruction of oncogenic amplicons},
   journal = {Cancer Res},
   volume = {73},
   number = {19},
   pages = {6036-45},
   ISSN = {0008-5472 (Print)
0008-5472},
   DOI = {10.1158/0008-5472.Can-13-0186},
   year = {2013},
   type = {Journal Article}
}

@article{zheng_2013,
   author = {Zheng, Siyuan and Fu, Jun and Vegesna, Rahulsimham and Mao, Yong and Heathcock, Lindsey E and Torres-Garcia, Wandaliz and Ezhilarasan, Ravesanker and Wang, Shuzhen and McKenna, Aaron and Chin, Lynda},
   title = {A survey of intragenic breakpoints in glioblastoma identifies a distinct subset associated with poor survival},
   journal = {Genes \& development},
   volume = {27},
   number = {13},
   pages = {1462-1472},
   ISSN = {0890-9369},
   year = {2013},
   type = {Journal Article}
}

@article{bax_2010,
   author = {Bax, Dorine A. and Mackay, Alan and Little, Suzanne E. and Carvalho, Diana and Viana-Pereira, Marta and Tamber, Narinder and Grigoriadis, Anita E. and Ashworth, Alan and Reis, Rui M. and Ellison, David W. and Al-Sarraj, Safa and Hargrave, Darren and Jones, Chris},
   title = {A Distinct Spectrum of Copy Number Aberrations in Pediatric High-Grade Gliomas},
   journal = {Clinical Cancer Research},
   volume = {16},
   number = {13},
   pages = {3368},
   DOI = {10.1158/1078-0432.CCR-10-0438},
   url = {http://clincancerres.aacrjournals.org/content/16/13/3368.abstract},
   year = {2010},
   type = {Journal Article}
}

@article{bigner_1990,
   author = {Bigner, S. H. and Vogelstein, B.},
   title = {Cytogenetics and molecular genetics of malignant gliomas and medulloblastoma},
   journal = {Brain Pathol},
   volume = {1},
   number = {1},
   pages = {12-8},
   ISSN = {1015-6305 (Print)
1015-6305},
   DOI = {10.1111/j.1750-3639.1990.tb00633.x},
   year = {1990},
   type = {Journal Article}
}

@article{bridge_1997,
   author = {Bridge, Julia A. and Nelson, Marilu and McComb, Erin and McGuire, Michael H. and Rosenthal, Howard and Vergara, Gerardo and Maale, Gerhard E. and Spanier, Suzanne and Neff, James R.},
   title = {Cytogenetic findings in 73 osteosarcoma specimens and a review of the literature},
   journal = {Cancer Genetics and Cytogenetics},
   volume = {95},
   number = {1},
   pages = {74-87},
   ISSN = {0165-4608},
   DOI = {https://doi.org/10.1016/S0165-4608(96)00306-8},
   url = {https://www.sciencedirect.com/science/article/pii/S0165460896003068},
   year = {1997},
   type = {Journal Article}
}

@article{chen_2014,
   author = {Chen, Xiang and Bahrami, Armita and Pappo, Alberto and Easton, John and Dalton, James and Hedlund, Erin and Ellison, David and Shurtleff, Sheila and Wu, Gang and Wei, Lei and Parker, Matthew and Rusch, Michael and Nagahawatte, Panduka and Wu, Jianrong and Mao, Shenghua and Boggs, Kristy and Mulder, Heather and Yergeau, Donald and Lu, Charles and Ding, Li and Edmonson, Michael and Qu, Chunxu and Wang, Jianmin and Li, Yongjin and Navid, Fariba and Daw, Najat C. and Mardis, Elaine R and Wilson, Richard K and Downing, James R and Zhang, Jinghui and Dyer, Michael A},
   title = {Recurrent Somatic Structural Variations Contribute to Tumorigenesis in Pediatric Osteosarcoma},
   journal = {Cell Reports},
   volume = {7},
   number = {1},
   pages = {104-112},
   ISSN = {2211-1247},
   DOI = {https://doi.org/10.1016/j.celrep.2014.03.003},
   url = {https://www.sciencedirect.com/science/article/pii/S221112471400165X},
   year = {2014},
   type = {Journal Article}
}

@article{downing_2012,
   author = {Downing, James R. and Wilson, Richard K. and Zhang, Jinghui and Mardis, Elaine R. and Pui, Ching-Hon and Ding, Li and Ley, Timothy J. and Evans, William E.},
   title = {The Pediatric Cancer Genome Project},
   journal = {Nature Genetics},
   volume = {44},
   number = {6},
   pages = {619-622},
   ISSN = {1546-1718},
   DOI = {10.1038/ng.2287},
   url = {https://doi.org/10.1038/ng.2287},
   year = {2012},
   type = {Journal Article}
}

@article{gebhart_2005,
   author = {Gebhart, Erich},
   title = {Double minutes, cytogenetic equivalents of gene amplification, in human neoplasia—a review},
   journal = {Clinical and Translational Oncology},
   volume = {7},
   number = {11},
   pages = {477-485},
   ISSN = {1699-3055},
   DOI = {10.1007/BF02717000},
   url = {https://doi.org/10.1007/BF02717000},
   year = {2005},
   type = {Journal Article}
}

@article{ghasemi_2019,
   author = {Ghasemi, David R. and Sill, Martin and Okonechnikov, Konstantin and Korshunov, Andrey and Yip, Stephen and Schutz, Peter W. and Scheie, David and Kruse, Anders and Harter, Patrick N. and Kastelan, Marina and Wagner, Marlies and Hartmann, Christian and Benzel, Julia and Maass, Kendra K. and Khasraw, Mustafa and Sträter, Ronald and Thomas, Christian and Paulus, Werner and Kratz, Christian P. and Witt, Hendrik and Kawauchi, Daisuke and Herold-Mende, Christel and Sahm, Felix and Brandner, Sebastian and Kool, Marcel and Jones, David T. W. and von Deimling, Andreas and Pfister, Stefan M. and Reuss, David E. and Pajtler, Kristian W.},
   title = {MYCN amplification drives an aggressive form of spinal ependymoma},
   journal = {Acta Neuropathologica},
   volume = {138},
   number = {6},
   pages = {1075-1089},
   ISSN = {1432-0533},
   DOI = {10.1007/s00401-019-02056-2},
   url = {https://doi.org/10.1007/s00401-019-02056-2},
   year = {2019},
   type = {Journal Article}
}

@article{gil-benso_2003,
   author = {Gil-Benso, Rosario and López-Ginés, Concha and Carda, Carmen and López-Guerrero, JoséAntonio and Ferrer, Jaime and Pellı and x and n-Pérez, Antonio and Llombart–Bosch, Antonio},
   title = {Cytogenetic and molecular findings related to rhabdomyosarcoma. An analysis of seven cases},
   journal = {Cancer Genetics and Cytogenetics},
   volume = {144},
   number = {2},
   pages = {125-133},
   ISSN = {0165-4608},
   DOI = {https://doi.org/10.1016/S0165-4608(03)00026-8},
   url = {https://www.sciencedirect.com/science/article/pii/S0165460803000268},
   year = {2003},
   type = {Journal Article}
}

@article{granberg_1971,
   author = {Granberg, I. and Mark, J.},
   title = {The chromosomal aberration of double-minutes in a human embryonic rhabdomyosarcoma},
   journal = {Acta Cytol},
   volume = {15},
   number = {1},
   pages = {42-5},
   ISSN = {0001-5547 (Print)
0001-5547},
   year = {1971},
   type = {Journal Article}
}

@article{lambo_2019,
   author = {Lambo, Sander and Gröbner, Susanne N. and Rausch, Tobias and Waszak, Sebastian M. and Schmidt, Christin and Gorthi, Aparna and Romero, July Carolina and Mauermann, Monika and Brabetz, Sebastian and Krausert, Sonja and Buchhalter, Ivo and Koster, Jan and Zwijnenburg, Danny A. and Sill, Martin and Hübner, Jens-Martin and Mack, Norman and Schwalm, Benjamin and Ryzhova, Marina and Hovestadt, Volker and Papillon-Cavanagh, Simon and Chan, Jennifer A. and Landgraf, Pablo and Ho, Ben and Milde, Till and Witt, Olaf and Ecker, Jonas and Sahm, Felix and Sumerauer, David and Ellison, David W. and Orr, Brent A. and Darabi, Anna and Haberler, Christine and Figarella-Branger, Dominique and Wesseling, Pieter and Schittenhelm, Jens and Remke, Marc and Taylor, Michael D. and Gil-da-Costa, Maria J. and Łastowska, Maria and Grajkowska, Wiesława and Hasselblatt, Martin and Hauser, Peter and Pietsch, Torsten and Uro-Coste, Emmanuelle and Bourdeaut, Franck and Masliah-Planchon, Julien and Rigau, Valérie and Alexandrescu, Sanda and Wolf, Stephan and Li, Xiao-Nan and Schüller, Ulrich and Snuderl, Matija and Karajannis, Matthias A. and Giangaspero, Felice and Jabado, Nada and von Deimling, Andreas and Jones, David T. W. and Korbel, Jan O. and von Hoff, Katja and Lichter, Peter and Huang, Annie and Bishop, Alexander J. R. and Pfister, Stefan M. and Korshunov, Andrey and Kool, Marcel},
   title = {The molecular landscape of ETMR at diagnosis and relapse},
   journal = {Nature},
   volume = {576},
   number = {7786},
   pages = {274-280},
   ISSN = {1476-4687},
   DOI = {10.1038/s41586-019-1815-x},
   url = {https://doi.org/10.1038/s41586-019-1815-x},
   year = {2019},
   type = {Journal Article}
}

@article{lau_2004,
   author = {Lau, Ching C. and Harris, Charles P. and Lu, Xin-Yan and Perlaky, Laszlo and Gogineni, Sheila and Chintagumpala, Murali and Hicks, John and Johnson, Mark E. and Davino, Nelson A. and Huvos, Andrew G. and Meyers, Paul A. and Healy, John H. and Gorlick, Richard and Rao, Pulivarthi H.},
   title = {Frequent amplification and rearrangement of chromosomal bands 6p12-p21 and 17p11.2 in osteosarcoma},
   journal = {Genes, Chromosomes and Cancer},
   volume = {39},
   number = {1},
   pages = {11-21},
   ISSN = {1045-2257},
   DOI = {https://doi.org/10.1002/gcc.10291},
   url = {https://doi.org/10.1002/gcc.10291},
   year = {2004},
   type = {Journal Article}
}

@article{li_2020,
   author = {Li, Bryan K. and Vasiljevic, Alexandre and Dufour, Christelle and Yao, Fupan and Ho, Ben L. B. and Lu, Mei and Hwang, Eugene I. and Gururangan, Sridharan and Hansford, Jordan R. and Fouladi, Maryam and Nobusawa, Sumihito and Laquerriere, Annie and Delisle, Marie-Bernadette and Fangusaro, Jason and Forest, Fabien and Toledano, Helen and Solano-Paez, Palma and Leary, Sarah and Birks, Diane and Hoffman, Lindsey M. and Szathmari, Alexandru and Faure-Conter, Cécile and Fan, Xing and Catchpoole, Daniel and Zhou, Li and Schultz, Kris Ann P. and Ichimura, Koichi and Gauchotte, Guillaume and Jabado, Nada and Jones, Chris and Loussouarn, Delphine and Mokhtari, Karima and Rousseau, Audrey and Ziegler, David S. and Tanaka, Shinya and Pomeroy, Scott L. and Gajjar, Amar and Ramaswamy, Vijay and Hawkins, Cynthia and Grundy, Richard G. and Hill, D. Ashley and Bouffet, Eric and Huang, Annie and Jouvet, Anne},
   title = {Pineoblastoma segregates into molecular sub-groups with distinct clinico-pathologic features: a Rare Brain Tumor Consortium registry study},
   journal = {Acta Neuropathologica},
   volume = {139},
   number = {2},
   pages = {223-241},
   ISSN = {1432-0533},
   DOI = {10.1007/s00401-019-02111-y},
   url = {https://doi.org/10.1007/s00401-019-02111-y},
   year = {2020},
   type = {Journal Article}
}

@article{li_2009,
   author = {Li, M. and Lee, K. F. and Lu, Y. and Clarke, I. and Shih, D. and Eberhart, C. and Collins, V. P. and Van Meter, T. and Picard, D. and Zhou, L. and Boutros, P. C. and Modena, P. and Liang, M. L. and Scherer, S. W. and Bouffet, E. and Rutka, J. T. and Pomeroy, S. L. and Lau, C. C. and Taylor, M. D. and Gajjar, A. and Dirks, P. B. and Hawkins, C. E. and Huang, A.},
   title = {Frequent amplification of a chr19q13.41 microRNA polycistron in aggressive primitive neuroectodermal brain tumors},
   journal = {Cancer Cell},
   volume = {16},
   number = {6},
   pages = {533-46},
   ISSN = {1535-6108 (Print)
1535-6108},
   DOI = {10.1016/j.ccr.2009.10.025},
   year = {2009},
   type = {Journal Article}
}

@article{mackay_2017,
   author = {Mackay, A. and Burford, A. and Carvalho, D. and Izquierdo, E. and Fazal-Salom, J. and Taylor, K. R. and Bjerke, L. and Clarke, M. and Vinci, M. and Nandhabalan, M. and Temelso, S. and Popov, S. and Molinari, V. and Raman, P. and Waanders, A. J. and Han, H. J. and Gupta, S. and Marshall, L. and Zacharoulis, S. and Vaidya, S. and Mandeville, H. C. and Bridges, L. R. and Martin, A. J. and Al-Sarraj, S. and Chandler, C. and Ng, H. K. and Li, X. and Mu, K. and Trabelsi, S. and Brahim, D. H. and Kisljakov, A. N. and Konovalov, D. M. and Moore, A. S. and Carcaboso, A. M. and Sunol, M. and de Torres, C. and Cruz, O. and Mora, J. and Shats, L. I. and Stavale, J. N. and Bidinotto, L. T. and Reis, R. M. and Entz-Werle, N. and Farrell, M. and Cryan, J. and Crimmins, D. and Caird, J. and Pears, J. and Monje, M. and Debily, M. A. and Castel, D. and Grill, J. and Hawkins, C. and Nikbakht, H. and Jabado, N. and Baker, S. J. and Pfister, S. M. and Jones, D. T. W. and Fouladi, M. and von Bueren, A. O. and Baudis, M. and Resnick, A. and Jones, C.},
   title = {Integrated Molecular Meta-Analysis of 1,000 Pediatric High-Grade and Diffuse Intrinsic Pontine Glioma},
   journal = {Cancer Cell},
   volume = {32},
   number = {4},
   pages = {520-537.e5},
   ISSN = {1535-6108 (Print)
1535-6108},
   DOI = {10.1016/j.ccell.2017.08.017},
   year = {2017},
   type = {Journal Article}
}

@article{meddeb_1996,
   author = {Meddeb, M. and Valent, A. and Danglot, G. and Nguyen, V. C. and Duverger, A. and Fouquet, F. and Terrier-Lacombe, M. J. and Oberlin, O. and Bernheim, A.},
   title = {MDM2 amplification in a primary alveolar rhabdomyosarcoma displaying a t(2;13)(q35;q14)},
   journal = {Cytogenetic and Genome Research},
   volume = {73},
   number = {4},
   pages = {325-330},
   ISSN = {1424-8581},
   DOI = {10.1159/000134368},
   url = {https://www.karger.com/DOI/10.1159/000134368},
   year = {1996},
   type = {Journal Article}
}

@article{missiaglia_2012,
   author = {Missiaglia, Edoardo and Williamson, Dan and Chisholm, Julia and Wirapati, Pratyaksha and Pierron, Gaëlle and Petel, Fabien and Concordet, Jean-Paul and Thway, Khin and Oberlin, Odile and Pritchard-Jones, Kathy},
   title = {PAX3/FOXO1 fusion gene status is the key prognostic molecular marker in rhabdomyosarcoma and significantly improves current risk stratification},
   journal = {J Clin Oncol},
   volume = {30},
   number = {14},
   pages = {1670-1677},
   year = {2012},
   type = {Journal Article}
}

@article{mysorekar_2008,
   author = {Mysorekar, Vijaya and Harish, K and Kilara, Nalini and Subramanian, Murali and Giridhar, A},
   title = {Embryonal rhabdomyosarcoma of the chest wall: A case report and review of the literature},
   journal = {Indian Journal of Pathology and Microbiology},
   volume = {51},
   number = {2},
   pages = {274-276},
   ISSN = {0377-4929},
   DOI = {10.4103/0377-4929.41694},
   url = {https://www.ijpmonline.org/article.asp?issn=0377-4929;year=2008;volume=51;issue=2;spage=274;epage=276;aulast=Mysorekar},
   year = {2008},
   type = {Journal Article}
}

@article{rushlow_2013,
   author = {Rushlow, Diane E. and Mol, Berber M. and Kennett, Jennifer Y. and Yee, Stephanie and Pajovic, Sanja and Thériault, Brigitte L. and Prigoda-Lee, Nadia L. and Spencer, Clarellen and Dimaras, Helen and Corson, Timothy W. and Pang, Renée and Massey, Christine and Godbout, Roseline and Jiang, Zhe and Zacksenhaus, Eldad and Paton, Katherine and Moll, Annette C. and Houdayer, Claude and Raizis, Anthony and Halliday, William and Lam, Wan L. and Boutros, Paul C. and Lohmann, Dietmar and Dorsman, Josephine C. and Gallie, Brenda L.},
   title = {Characterisation of retinoblastomas without RB1 mutations: genomic, gene expression, and clinical studies},
   journal = {The Lancet Oncology},
   volume = {14},
   number = {4},
   pages = {327-334},
   ISSN = {1470-2045},
   DOI = {https://doi.org/10.1016/S1470-2045(13)70045-7},
   url = {https://www.sciencedirect.com/science/article/pii/S1470204513700457},
   year = {2013},
   type = {Journal Article}
}

@article{sakai_1985,
   author = {Sakai, K. and Kanda, N. and Shiloh, Y. and Donlon, T. and Schreck, R. and Shipley, J. and Dryja, T. and Chaum, E. and Chaganti, R. S. K. and Latt, S.},
   title = {Molecular and cytologic analysis of DNA amplification in retinoblastoma},
   journal = {Cancer Genetics and Cytogenetics},
   volume = {17},
   number = {2},
   pages = {95-112},
   ISSN = {0165-4608},
   DOI = {https://doi.org/10.1016/0165-4608(85)90020-2},
   url = {https://www.sciencedirect.com/science/article/pii/0165460885900202},
   year = {1985},
   type = {Journal Article}
}

@article{sandberg_2003,
   author = {Sandberg, Avery A. and Bridge, Julia A.},
   title = {Updates on the cytogenetics and molecular genetics of bone and soft tissue tumors: osteosarcoma and related tumors},
   journal = {Cancer Genetics and Cytogenetics},
   volume = {145},
   number = {1},
   pages = {1-30},
   ISSN = {0165-4608},
   DOI = {https://doi.org/10.1016/S0165-4608(03)00105-5},
   url = {https://www.sciencedirect.com/science/article/pii/S0165460803001055},
   year = {2003},
   type = {Journal Article}
}

@article{steilen-gimbel_1996,
   author = {Steilen-Gimbel, Heike and Remberger, Klaus and Graf, Norbert and Steudel, Wolf-Ingo and Zang, Klaus Dieter and Henn, Wolfram},
   title = {A novel site of DNA amplification on chromosome 1p32-33 in a rhabdomyosarcoma revealed by comparative genomic hybridization},
   journal = {Human Genetics},
   volume = {97},
   number = {1},
   pages = {87-90},
   ISSN = {1432-1203},
   DOI = {10.1007/BF00218839},
   url = {https://doi.org/10.1007/BF00218839},
   year = {1996},
   type = {Journal Article}
}

@article{van_dartel_2002,
   author = {van Dartel, Maaike and Cornelissen, Peter W. A. and Redeker, Sandra and Tarkkanen, Maija and Knuutila, Sakari and Hogendoorn, Pancras C. W. and Westerveld, Andries and Gomes, Ingrid and Bras, Johannes and Hulsebos, Theo J. M.},
   title = {Amplification of 17p11.2-p12, including PMP22, TOP3A, and MAPK7, in high-grade osteosarcoma},
   journal = {Cancer Genetics and Cytogenetics},
   volume = {139},
   number = {2},
   pages = {91-96},
   ISSN = {0165-4608},
   DOI = {https://doi.org/10.1016/S0165-4608(02)00627-1},
   url = {https://www.sciencedirect.com/science/article/pii/S0165460802006271},
   year = {2002},
   type = {Journal Article}
}

@article{van_dartel_2003,
   author = {van Dartel, Maaike and Leenstra, Sieger and Troost, Dirk and Hulsebos, Theo J. M.},
   title = {Infrequent but high-level amplification of 17p11.2-p12 in human glioma},
   journal = {Cancer Genetics and Cytogenetics},
   volume = {140},
   number = {2},
   pages = {162-166},
   ISSN = {0165-4608},
   DOI = {https://doi.org/10.1016/S0165-4608(02)00683-0},
   url = {https://www.sciencedirect.com/science/article/pii/S0165460802006830},
   year = {2003},
   type = {Journal Article}
}

@article{van_dartel_2004,
   author = {van Dartel, M. and Redeker, S. and Bras, J. and Kool, M. and Hulsebos, T. J.},
   title = {Overexpression through amplification of genes in chromosome region 17p11.2 approximately p12 in high-grade osteosarcoma},
   journal = {Cancer Genet Cytogenet},
   volume = {152},
   number = {1},
   pages = {8-14},
   ISSN = {0165-4608 (Print)
0165-4608},
   DOI = {10.1016/j.cancergencyto.2003.09.024},
   year = {2004},
   type = {Journal Article}
}

@article{williamson_2005,
   author = {Williamson, Daniel and Lu, Yong-Jie and Gordon, Tony and Sciot, Raf and Kelsey, Anna and Fisher, Cyril and Poremba, Christopher and Anderson, John and Pritchard-Jones, Kathy and Shipley, Janet},
   title = {Relationship between MYCN copy number and expression in rhabdomyosarcomas and correlation with adverse prognosis in the alveolar subtype},
   journal = {Journal of Clinical Oncology},
   volume = {23},
   number = {4},
   pages = {880-888},
   ISSN = {0732-183X},
   year = {2005},
   type = {Journal Article}
}

@article{pcgp,
   author = {Wu, Gang and Diaz, Alexander K. and Paugh, Barbara S. and Rankin, Sherri L. and Ju, Bensheng and Li, Yongjin and Zhu, Xiaoyan and Qu, Chunxu and Chen, Xiang and Zhang, Junyuan and Easton, John and Edmonson, Michael and Ma, Xiaotu and Lu, Charles and Nagahawatte, Panduka and Hedlund, Erin and Rusch, Michael and Pounds, Stanley and Lin, Tong and Onar-Thomas, Arzu and Huether, Robert and Kriwacki, Richard and Parker, Matthew and Gupta, Pankaj and Becksfort, Jared and Wei, Lei and Mulder, Heather L. and Boggs, Kristy and Vadodaria, Bhavin and Yergeau, Donald and Russell, Jake C. and Ochoa, Kerri and Fulton, Robert S. and Fulton, Lucinda L. and Jones, Chris and Boop, Frederick A. and Broniscer, Alberto and Wetmore, Cynthia and Gajjar, Amar and Ding, Li and Mardis, Elaine R. and Wilson, Richard K. and Taylor, Michael R. and Downing, James R. and Ellison, David W. and Zhang, Jinghui and Baker, Suzanne J. and the St. Jude Children's Research Hospital–Washington University Pediatric Cancer Genome, Project},
   title = {The genomic landscape of diffuse intrinsic pontine glioma and pediatric non-brainstem high-grade glioma},
   journal = {Nature Genetics},
   volume = {46},
   number = {5},
   pages = {444-450},
   ISSN = {1546-1718},
   DOI = {10.1038/ng.2938},
   url = {https://doi.org/10.1038/ng.2938},
   year = {2014},
   type = {Journal Article}
}

