@article{Chapman,
	author = {Chapman, Owen S and Luebeck, Jens and Wani, Sameena and Tiwari, Ashutosh and Pagadala, Meghana and Wang, Shanqing and Larson, Jon D and Lange, Joshua T and Wong, Ivy Tsz-Lo and Dehkordi, Siavash R and Chandran, Sahaana and Adam, Miriam and Lin, Yingxi and Juarez, Edwin and Robinson, James T and Sridhar, Sunita and Malicki, Denise M and Coufal, Nicole and Levy, Michael and Crawford, John R and Pomeroy, Scott L and Rich, Jeremy and Scheuermann, Richard H and Carter, Hannah and Dixon, Jesse and Mischel, Paul S and Fraenkel, Ernest and Wechsler-Reya, Robert J and Bafna, Vineet and Mesirov, Jill P and Chavez, Lukas},
	title = {The landscape of extrachromosomal circular DNA in medulloblastoma},
	elocation-id = {2021.10.18.464907},
	year = {2021},
	doi = {10.1101/2021.10.18.464907},
	publisher = {Cold Spring Harbor Laboratory},
	URL = {https://www.biorxiv.org/content/early/2021/11/01/2021.10.18.464907},
	eprint = {https://www.biorxiv.org/content/early/2021/11/01/2021.10.18.464907.full.pdf},
	journal = {bioRxiv}
}

@article{banerjee_2019,
    author = {Sourav Banerjee  and Tiantian Wei  and Jue Wang  and Jenna J. Lee  and Haydee L. Gutierrez  and Owen Chapman  and Sandra E. Wiley  and Joshua E. Mayfield  and Vasudha Tandon  and Edwin F. Juarez  and Lukas Chavez  and Ruqi Liang  and Robert L. Sah  and Caitlin Costello  and Jill P. Mesirov  and Laureano de la Vega  and Kimberly L. Cooper  and Jack E. Dixon  and Junyu Xiao  and Xiaoguang Lei },
    title = {Inhibition of dual-specificity tyrosine phosphorylation-regulated kinase 2 perturbs 26S proteasome-addicted neoplastic progression},
    journal = {Proceedings of the National Academy of Sciences},
    volume = {116},
    number = {49},
    pages = {24881-24891},
    year = {2019},
    doi = {10.1073/pnas.1912033116},
    URL = {https://www.pnas.org/doi/abs/10.1073/pnas.1912033116},
    eprint = {https://www.pnas.org/doi/pdf/10.1073/pnas.1912033116},
}

@article{okonechnikov_2023,
   author = {Okonechnikov, Konstantin and Camg\"{o}z, Aylin and Chapman, Owen and Wani, Sameena and Park, Donglim Esther and H\"{u}bner, Jens-Martin and Chakraborty, Abhijit and Pagadala, Meghana and Bump, Rosalind and Chandran, Sahaana and Kraft, Katerina and Acuna-Hidalgo, Rocio and Reid, Derek and Sikkink, Kristin and Mauermann, Monika and Juarez, Edwin F. and Jenseit, Anne and Robinson, James T. and Pajtler, Kristian W. and Milde, Till and J\"{a}ger, Natalie and Fiesel, Petra and Morgan, Ling and Sridhar, Sunita and Coufal, Nicole G. and Levy, Michael and Malicki, Denise and Hobbs, Charlotte and Kingsmore, Stephen and Nahas, Shareef and Snuderl, Matija and Crawford, John and Wechsler-Reya, Robert J. and Davidson, Tom Belle and Cotter, Jennifer and Michaiel, George and Fleischhack, Gudrun and Mundlos, Stefan and Schmitt, Anthony and Carter, Hannah and Michealraj, Kulandaimanuvel Antony and Kumar, Sachin A. and Taylor, Michael D. and Rich, Jeremy and Buchholz, Frank and Mesirov, Jill P. and Pfister, Stefan M. and Ay, Ferhat and Dixon, Jesse R. and Kool, Marcel and Chavez, Lukas},
   title = {3D genome mapping identifies subgroup-specific chromosome conformations and tumor-dependency genes in ependymoma},
   journal = {Nature Communications},
   volume = {14},
   number = {1},
   pages = {2300},
   ISSN = {2041-1723},
   DOI = {10.1038/s41467-023-38044-0},
   url = {https://doi.org/10.1038/s41467-023-38044-0},
   year = {2023},
   type = {Journal Article}
}

@unpublished{tiwari_2022,
    author = {Ashutosh Tiwari and Utkarsha Paithane and Kojiro Tashiro and Olivier Saulnier and Karina Barbosa and Abhirami Vishvanathan and Quang Trinh and Takuma Nakashima and Taj Mohammad and Joshua T. Lange and Sihan Wu and Meher Beigi Masihi and Aditi Soni and Keianna Vogel and Jordan Friedlein and Bryan Hall and Ashima Shukla and Shrawantee Saha and Laurence Denis and Liam D. Hendrikse and Brian James and Owen Chapman and Jens Luebeck and Badrinath Konety and Scott M. Dehm and York Marahrens and Lincoln D. Stein and Lukas Chavez and Vineet Bafna and Paul S. Mischel and Hiromichi Suzuki and Imtaiyaz Hassan and Aniruddha J. Deshpande and Robert J. Wechsler-Reya and Michael D. Taylor and Anindya Bagchi},
    title = {The lncRNA PVT1 encodes peptides with oncogenic and tumor suppressive activity},
    Publisher = {Unpublished work},
    Year = {2022}
}

@misc{Sridhar,
    author = {Sunita Sridhar and Owen Chapman and Aditi Dutta and Shanqing Wang and Jens Luebeck and Vineet Bafna and Lukas Chavez},
    title = {Extrachromosomal DNA promotes oncogene amplification across multiple pediatric cancer types},
    Publisher = {Unpublished work},
    Year = {2023}
}
